<?xml version="1.0" encoding="UTF-8"?>
<!DOCTYPE html PUBLIC "-//W3C//DTD XHTML 1.0 Transitional//EN"
    "http://www.w3.org/TR/xhtml1/DTD/xhtml1-transitional.dtd">
<html xmlns="http://www.w3.org/1999/xhtml" xml:lang="en" lang="en">
 <head>
  <title>
</title>
<meta http-equiv="Content-Type" content="text/html;charset=utf-8" />
  <meta name='ocr-system' content='tesseract 3.04.00' />
  <meta name='ocr-capabilities' content='ocr_page ocr_carea ocr_par ocr_line ocrx_word'/>
</head>
<body>
  <div class='ocr_page' id='page_1' title='image "./scriptaquaemans00mullgoog_0385.png"; bbox 0 0 2616 3884; ppageno 0'>
   <div class='ocr_carea' id='block_1_1' title="bbox 167 141 859 208">
    <p class='ocr_par' dir='ltr' id='par_1_1' title="bbox 167 141 859 208">
     <span class='ocr_line' id='line_1_1' title="bbox 167 141 859 208; baseline -0.016 1"><span class='ocrx_word' id='word_1_1' title='bbox 167 144 233 208; x_wconf 77' lang='grc'><strong>220</strong></span> <span class='ocrx_word' id='word_1_2' title='bbox 487 144 524 199; x_wconf 89' lang='grc' dir='ltr'><strong>Μ.</strong></span> <span class='ocrx_word' id='word_1_3' title='bbox 544 143 652 198; x_wconf 84' lang='lat' dir='ltr'>TULLI</span> <span class='ocrx_word' id='word_1_4' title='bbox 670 141 859 199; x_wconf 81' lang='lat' dir='ltr'>CICERONIS</span> 
     </span>
    </p>
   </div>
   <div class='ocr_carea' id='block_1_2' title="bbox 166 286 1182 459">
    <p class='ocr_par' dir='ltr' id='par_1_2' title="bbox 166 286 1182 459">
     <span class='ocr_line' id='line_1_2' title="bbox 166 286 1182 373; baseline -0.001 -22"><span class='ocrx_word' id='word_1_5' title='bbox 166 288 263 352; x_wconf 90' lang='lat' dir='ltr'><strong>multi</strong></span> <span class='ocrx_word' id='word_1_6' title='bbox 286 287 326 352; x_wconf 89' lang='lat' dir='ltr'><strong>ad</strong></span> <span class='ocrx_word' id='word_1_7' title='bbox 348 309 400 352; x_wconf 90' lang='lat' dir='ltr'><strong>me</strong></span> <span class='ocrx_word' id='word_1_8' title='bbox 423 287 634 372; x_wconf 81' lang='lat' dir='ltr'><strong>scripserunt3</strong></span> <span class='ocrx_word' id='word_1_9' title='bbox 663 286 749 371; x_wconf 85' lang='lat' dir='ltr'><strong>quod</strong></span> <span class='ocrx_word' id='word_1_10' title='bbox 775 287 883 373; x_wconf 91' lang='lat' dir='ltr'><strong>patior</strong></span> <span class='ocrx_word' id='word_1_11' title='bbox 910 287 1016 373; x_wconf 91' lang='lat' dir='ltr'><strong>facile,</strong></span> <span class='ocrx_word' id='word_1_12' title='bbox 1043 286 1120 351; x_wconf 88' lang='lat' dir='ltr'><strong>dum</strong></span> <span class='ocrx_word' id='word_1_13' title='bbox 1143 289 1182 350; x_wconf 91' lang='lat' dir='ltr'><strong>ut</strong></span> 
     </span>
     <span class='ocr_line' id='line_1_3' title="bbox 167 375 686 459; baseline 0 -19"><span class='ocrx_word' id='word_1_14' title='bbox 167 375 271 440; x_wconf 91' lang='lat' dir='ltr'><strong>adhuc</strong></span> <span class='ocrx_word' id='word_1_15' title='bbox 292 375 376 440; x_wconf 85' lang='lat' dir='ltr'>nihil</span> <span class='ocrx_word' id='word_1_16' title='bbox 397 375 514 440; x_wconf 86' lang='lat' dir='ltr'><strong>faciam</strong></span> <span class='ocrx_word' id='word_1_17' title='bbox 536 376 686 459; x_wconf 74' lang='lat' dir='ltr'><strong>turpiter.</strong></span> 
     </span>
    </p>
   </div>
   <div class='ocr_carea' id='block_1_3' title="bbox 175 636 1031 829">
    <p class='ocr_par' dir='ltr' id='par_1_3' title="bbox 175 636 1031 829">
     <span class='ocr_line' id='line_1_4' title="bbox 614 636 733 704; baseline 0.008 -2"><span class='ocrx_word' id='word_1_18' title='bbox 614 636 733 704; x_wconf 88' lang='lat' dir='ltr'>XXIV.</span> 
     </span>
     <span class='ocr_line' id='line_1_5' title="bbox 175 759 1031 829; baseline -0.002 -12"><span class='ocrx_word' id='word_1_19' title='bbox 175 781 179 793; x_wconf 85' lang='lat'><strong>·</strong></span> <span class='ocrx_word' id='word_1_20' title='bbox 312 759 369 817; x_wconf 81' lang='lat' dir='ltr'><strong>Ser.</strong></span> <span class='ocrx_word' id='word_1_21' title='bbox 389 761 422 815; x_wconf 77' lang='lat' dir='ltr'><strong>io</strong></span> <span class='ocrx_word' id='word_1_22' title='bbox 438 759 592 815; x_wconf 78' lang='lat' dir='ltr'><strong>Formiano</strong></span> <span class='ocrx_word' id='word_1_23' title='bbox 610 759 660 815; x_wconf 89' lang='lat' dir='ltr'><strong>IV</strong></span> <span class='ocrx_word' id='word_1_24' title='bbox 674 759 719 814; x_wconf 82' lang='lat' dir='ltr'><strong>Id.</strong></span> <span class='ocrx_word' id='word_1_25' title='bbox 739 759 821 815; x_wconf 82' lang='lat' dir='ltr'><strong><em>Febr.</em></strong></span> <span class='ocrx_word' id='word_1_26' title='bbox 841 777 867 814; x_wconf 84' lang='lat' dir='ltr'><strong>c.</strong></span> <span class='ocrx_word' id='word_1_27' title='bbox 889 762 944 814; x_wconf 81' lang='lat'><strong>705</strong></span> <span class='ocrx_word' id='word_1_28' title='bbox 963 763 1031 829; x_wconf 72' lang='lat'><em>(49).</em></span> 
     </span>
    </p>
   </div>
   <div class='ocr_carea' id='block_1_4' title="bbox 486 880 1223 938">
    <p class='ocr_par' dir='ltr' id='par_1_4' title="bbox 486 880 1223 938">
     <span class='ocr_line' id='line_1_6' title="bbox 486 880 1223 938; baseline -0.004 -1"><span class='ocrx_word' id='word_1_29' title='bbox 486 881 614 938; x_wconf 79' lang='lat' dir='ltr'>CICERO</span> <span class='ocrx_word' id='word_1_30' title='bbox 632 880 764 936; x_wconf 85' lang='lat' dir='ltr'>ATTICO</span> <span class='ocrx_word' id='word_1_31' title='bbox 785 880 858 936; x_wconf 84' lang='lat' dir='ltr'><strong>SAL.</strong></span> <span class='ocrx_word' id='word_1_32' title='bbox 1209 893 1223 934; x_wconf 84' lang='lat'><strong>5</strong></span> 
     </span>
    </p>
   </div>
   <div class='ocr_carea' id='block_1_5' title="bbox 165 990 1222 1875">
    <p class='ocr_par' dir='ltr' id='par_1_5' title="bbox 165 990 1222 1875">
     <span class='ocr_line' id='line_1_7' title="bbox 232 990 1180 1078; baseline -0.001 -21"><span class='ocrx_word' id='word_1_33' title='bbox 232 992 401 1057; x_wconf 73' lang='lat' dir='ltr'><strong>Philotimi</strong></span> <span class='ocrx_word' id='word_1_34' title='bbox 422 991 551 1056; x_wconf 78' lang='lat' dir='ltr'><strong>litterae</strong></span> <span class='ocrx_word' id='word_1_35' title='bbox 573 1013 625 1056; x_wconf 91' lang='lat' dir='ltr'><strong>me</strong></span> <span class='ocrx_word' id='word_1_36' title='bbox 648 991 777 1074; x_wconf 90' lang='lat' dir='ltr'><strong>quidem</strong></span> <span class='ocrx_word' id='word_1_37' title='bbox 799 1012 865 1056; x_wconf 94' lang='lat' dir='ltr'><strong>non</strong></span> <span class='ocrx_word' id='word_1_38' title='bbox 893 991 1006 1078; x_wconf 91' lang='lat' dir='ltr'><strong>nimis,</strong></span> <span class='ocrx_word' id='word_1_39' title='bbox 1032 990 1088 1056; x_wconf 89' lang='lat' dir='ltr'><strong>sed</strong></span> <span class='ocrx_word' id='word_1_40' title='bbox 1115 1012 1180 1078; x_wconf 89' lang='lat' dir='ltr'><strong>eos,</strong></span> 
     </span>
     <span class='ocr_line' id='line_1_8' title="bbox 167 1078 1181 1166; baseline 0 -21"><span class='ocrx_word' id='word_1_41' title='bbox 167 1081 224 1166; x_wconf 91' lang='lat' dir='ltr'><strong>qui</strong></span> <span class='ocrx_word' id='word_1_42' title='bbox 252 1081 288 1144; x_wconf 88' lang='lat' dir='ltr'><strong>in</strong></span> <span class='ocrx_word' id='word_1_43' title='bbox 318 1079 371 1144; x_wconf 91' lang='lat' dir='ltr'><strong>his</strong></span> <span class='ocrx_word' id='word_1_44' title='bbox 399 1079 479 1144; x_wconf 90' lang='lat' dir='ltr'><strong>locis</strong></span> <span class='ocrx_word' id='word_1_45' title='bbox 510 1083 615 1165; x_wconf 86' lang='lat' dir='ltr'><strong>erant,</strong></span> <span class='ocrx_word' id='word_1_46' title='bbox 645 1079 816 1143; x_wconf 75' lang='lat' dir='ltr'><strong>admodum</strong></span> <span class='ocrx_word' id='word_1_47' title='bbox 846 1078 1052 1144; x_wconf 78' lang='lat' dir='ltr'><strong>delectarunt.</strong></span> <span class='ocrx_word' id='word_1_48' title='bbox 1097 1079 1181 1146; x_wconf 87' lang='lat' dir='ltr'><strong>Ecce</strong></span> 
     </span>
     <span class='ocr_line' id='line_1_9' title="bbox 166 1165 1181 1254; baseline -0.002 -21"><span class='ocrx_word' id='word_1_49' title='bbox 166 1167 323 1254; x_wconf 84' lang='lat' dir='ltr'><strong>postridie</strong></span> <span class='ocrx_word' id='word_1_50' title='bbox 356 1166 447 1233; x_wconf 88' lang='lat' dir='ltr'><strong>Cassi</strong></span> <span class='ocrx_word' id='word_1_51' title='bbox 478 1167 607 1232; x_wconf 80' lang='lat' dir='ltr'><strong>litterae</strong></span> <span class='ocrx_word' id='word_1_52' title='bbox 641 1166 750 1252; x_wconf 80' lang='lat' dir='ltr'>Capua</span> <span class='ocrx_word' id='word_1_53' title='bbox 781 1189 800 1231; x_wconf 96' lang='grc'><strong>1</strong></span> <span class='ocrx_word' id='word_1_54' title='bbox 831 1165 997 1253; x_wconf 87' lang='lat' dir='ltr'><strong>Lucretio,</strong></span> <span class='ocrx_word' id='word_1_55' title='bbox 1028 1168 1181 1233; x_wconf 81' lang='lat' dir='ltr'><strong>familiari</strong></span> 
     </span>
     <span class='ocr_line' id='line_1_10' title="bbox 167 1253 1180 1343; baseline -0.001 -21"><span class='ocrx_word' id='word_1_56' title='bbox 167 1257 250 1343; x_wconf 88' lang='lat' dir='ltr'><strong>eius,</strong></span> <span class='ocrx_word' id='word_1_57' title='bbox 272 1255 442 1342; x_wconf 85' lang='lat' dir='ltr'><strong>Nigidium</strong></span> <span class='ocrx_word' id='word_1_58' title='bbox 465 1278 484 1320; x_wconf 92' lang='lat' dir='ltr'><strong>a</strong></span> <span class='ocrx_word' id='word_1_59' title='bbox 506 1253 652 1321; x_wconf 90' lang='lat' dir='ltr'><strong>Domitio</strong></span> <span class='ocrx_word' id='word_1_60' title='bbox 677 1253 820 1340; x_wconf 87' lang='lat' dir='ltr'><strong>Capuam</strong></span> <span class='ocrx_word' id='word_1_61' title='bbox 842 1256 976 1321; x_wconf 86' lang='lat' dir='ltr'><strong>venisse.</strong></span> <span class='ocrx_word' id='word_1_62' title='bbox 1021 1254 1108 1320; x_wconf 88' lang='lat' dir='ltr'><strong>Eum</strong></span> <span class='ocrx_word' id='word_1_63' title='bbox 1135 1255 1180 1321; x_wconf 90' lang='lat' dir='ltr'><strong>di-</strong></span> 
     </span>
     <span class='ocr_line' id='line_1_11' title="bbox 167 1342 1222 1428; baseline -0.003 -17"><span class='ocrx_word' id='word_1_64' title='bbox 167 1367 238 1411; x_wconf 85' lang='lat' dir='ltr'><strong>cere</strong></span> <span class='ocrx_word' id='word_1_65' title='bbox 255 1344 439 1410; x_wconf 85' lang='lat' dir='ltr'><strong>Vibullium</strong></span> <span class='ocrx_word' id='word_1_66' title='bbox 461 1366 534 1409; x_wconf 88' lang='lat' dir='ltr'><strong>cum</strong></span> <span class='ocrx_word' id='word_1_67' title='bbox 557 1343 667 1428; x_wconf 81' lang='lat' dir='ltr'><strong>paucis</strong></span> <span class='ocrx_word' id='word_1_68' title='bbox 694 1344 855 1408; x_wconf 89' lang='lat' dir='ltr'><strong>militibus</strong></span> <span class='ocrx_word' id='word_1_69' title='bbox 879 1365 896 1408; x_wconf 92' lang='lat' dir='ltr'><strong>e</strong></span> <span class='ocrx_word' id='word_1_70' title='bbox 917 1342 1035 1409; x_wconf 89' lang='lat' dir='ltr'><strong>Piceno</strong></span> <span class='ocrx_word' id='word_1_71' title='bbox 1054 1365 1180 1409; x_wconf 87' lang='lat' dir='ltr'><strong>currere</strong></span> <span class='ocrx_word' id='word_1_72' title='bbox 1195 1369 1222 1408; x_wconf 85' lang='lat' dir='ltr'><strong>ro</strong></span> 
     </span>
     <span class='ocr_line' id='line_1_12' title="bbox 167 1430 1180 1520; baseline -0.001 -22"><span class='ocrx_word' id='word_1_73' title='bbox 167 1434 208 1498; x_wconf 88' lang='lat' dir='ltr'><strong>ad</strong></span> <span class='ocrx_word' id='word_1_74' title='bbox 238 1432 397 1520; x_wconf 81' lang='lat' dir='ltr'><strong>Gnaeum,</strong></span> <span class='ocrx_word' id='word_1_75' title='bbox 428 1433 599 1498; x_wconf 86' lang='lat' dir='ltr'><strong>confestim</strong></span> <span class='ocrx_word' id='word_1_76' title='bbox 629 1433 757 1516; x_wconf 90' lang='lat' dir='ltr'><strong>insequi</strong></span> <span class='ocrx_word' id='word_1_77' title='bbox 786 1430 970 1517; x_wconf 88' lang='lat' dir='ltr'><strong>Caesarem,</strong></span> <span class='ocrx_word' id='word_1_78' title='bbox 997 1430 1180 1497; x_wconf 91' lang='lat' dir='ltr'><strong>Domitium</strong></span> 
     </span>
     <span class='ocr_line' id='line_1_13' title="bbox 165 1519 1180 1607; baseline -0.001 -20"><span class='ocrx_word' id='word_1_79' title='bbox 165 1543 234 1588; x_wconf 92' lang='lat' dir='ltr'><strong>non</strong></span> <span class='ocrx_word' id='word_1_80' title='bbox 263 1521 382 1587; x_wconf 90' lang='lat' dir='ltr'><strong>habere</strong></span> <span class='ocrx_word' id='word_1_81' title='bbox 413 1521 556 1586; x_wconf 89' lang='lat' dir='ltr'><strong>militum</strong></span> <span class='ocrx_word' id='word_1_82' title='bbox 582 1538 622 1584; x_wconf 91' lang='lat'><strong>111</strong></span> <span class='ocrx_word' id='word_1_83' title='bbox 648 1522 746 1586; x_wconf 90' lang='lat' dir='ltr'><strong>milia.</strong></span> <span class='ocrx_word' id='word_1_84' title='bbox 791 1519 881 1585; x_wconf 92' lang='lat' dir='ltr'><strong>Idem</strong></span> <span class='ocrx_word' id='word_1_85' title='bbox 913 1521 1043 1604; x_wconf 89' lang='lat' dir='ltr'><strong>scripsit</strong></span> <span class='ocrx_word' id='word_1_86' title='bbox 1070 1519 1180 1607; x_wconf 87' lang='lat' dir='ltr'><strong>Capua</strong></span> 
     </span>
     <span class='ocr_line' id='line_1_14' title="bbox 167 1607 1181 1695; baseline -0.002 -19"><span class='ocrx_word' id='word_1_87' title='bbox 167 1611 315 1676; x_wconf 87' lang='lat' dir='ltr'><strong>eonsules</strong></span> <span class='ocrx_word' id='word_1_88' title='bbox 334 1609 526 1675; x_wconf 86' lang='lat' dir='ltr'><strong>discessisse.</strong></span> <span class='ocrx_word' id='word_1_89' title='bbox 562 1607 596 1674; x_wconf 93' lang='lat' dir='ltr'>N</span> <span class='ocrx_word' id='word_1_90' title='bbox 597 1630 640 1673; x_wconf 93' lang='lat' dir='ltr'><strong>on</strong></span> <span class='ocrx_word' id='word_1_91' title='bbox 658 1609 782 1694; x_wconf 90' lang='lat' dir='ltr'><strong>dubito,</strong></span> <span class='ocrx_word' id='word_1_92' title='bbox 805 1609 885 1692; x_wconf 89' lang='lat' dir='ltr'><strong>quin</strong></span> <span class='ocrx_word' id='word_1_93' title='bbox 903 1607 1032 1674; x_wconf 82' lang='lat' dir='ltr'><strong>Gnaeus</strong></span> <span class='ocrx_word' id='word_1_94' title='bbox 1050 1610 1086 1674; x_wconf 92' lang='lat' dir='ltr'><strong>in</strong></span> <span class='ocrx_word' id='word_1_95' title='bbox 1102 1609 1181 1695; x_wconf 83' lang='lat' dir='ltr'><strong>fuga</strong></span> 
     </span>
     <span class='ocr_line' id='line_1_15' title="bbox 168 1697 1181 1785; baseline -0.003 -21"><span class='ocrx_word' id='word_1_96' title='bbox 168 1700 224 1785; x_wconf 76' lang='lat' dir='ltr'><strong>sit3</strong></span> <span class='ocrx_word' id='word_1_97' title='bbox 256 1699 351 1763; x_wconf 93' lang='lat' dir='ltr'><strong>modo</strong></span> <span class='ocrx_word' id='word_1_98' title='bbox 385 1697 526 1783; x_wconf 85' lang='lat' dir='ltr'><strong>effugiat.</strong></span> <span class='ocrx_word' id='word_1_99' title='bbox 576 1697 649 1783; x_wconf 82' lang='lat' dir='ltr'><strong>Ego</strong></span> <span class='ocrx_word' id='word_1_100' title='bbox 678 1721 697 1762; x_wconf 92' lang='grc'><strong>1</strong></span> <span class='ocrx_word' id='word_1_101' title='bbox 724 1697 859 1762; x_wconf 88' lang='lat' dir='ltr'><strong>oonsilio</strong></span> <span class='ocrx_word' id='word_1_102' title='bbox 886 1697 1045 1784; x_wconf 86' lang='lat' dir='ltr'><strong>fugiendi,</strong></span> <span class='ocrx_word' id='word_1_103' title='bbox 1076 1701 1114 1763; x_wconf 91' lang='lat' dir='ltr'><strong>ut</strong></span> <span class='ocrx_word' id='word_1_104' title='bbox 1142 1701 1181 1762; x_wconf 89' lang='lat' dir='ltr'><strong>tu</strong></span> 
     </span>
     <span class='ocr_line' id='line_1_16' title="bbox 167 1786 1221 1875; baseline -0.002 -23"><span class='ocrx_word' id='word_1_105' title='bbox 167 1808 288 1875; x_wconf 89' lang='lat' dir='ltr'><strong>censes,</strong></span> <span class='ocrx_word' id='word_1_106' title='bbox 309 1786 431 1851; x_wconf 90' lang='lat' dir='ltr'><strong>absum.</strong></span> <span class='ocrx_word' id='word_1_107' title='bbox 1194 1810 1221 1850; x_wconf 81' lang='lat' dir='ltr'><strong>rs</strong></span> 
     </span>
    </p>
   </div>
   <div class='ocr_carea' id='block_1_6' title="bbox 247 2011 1101 2204">
    <p class='ocr_par' dir='ltr' id='par_1_6' title="bbox 247 2011 1101 2204">
     <span class='ocr_line' id='line_1_17' title="bbox 623 2011 725 2078; baseline 0 0"><span class='ocrx_word' id='word_1_108' title='bbox 623 2011 725 2078; x_wconf 88' lang='lat' dir='ltr'><strong>XXV.</strong></span> 
     </span>
     <span class='ocr_line' id='line_1_18' title="bbox 247 2134 1101 2204; baseline -0.001 -14"><span class='ocrx_word' id='word_1_109' title='bbox 247 2134 305 2190; x_wconf 79' lang='lat' dir='ltr'><strong>Ser.</strong></span> <span class='ocrx_word' id='word_1_110' title='bbox 323 2137 355 2188; x_wconf 82' lang='lat' dir='ltr'><strong>ia</strong></span> <span class='ocrx_word' id='word_1_111' title='bbox 373 2134 526 2190; x_wconf 77' lang='lat' dir='ltr'><strong>Formiano</strong></span> <span class='ocrx_word' id='word_1_112' title='bbox 543 2134 594 2189; x_wconf 87' lang='lat' dir='ltr'><strong>IV</strong></span> <span class='ocrx_word' id='word_1_113' title='bbox 608 2141 659 2189; x_wconf 82' lang='lat' dir='ltr'><strong>cat</strong></span> <span class='ocrx_word' id='word_1_114' title='bbox 675 2134 732 2188; x_wconf 89' lang='grc' dir='ltr'><strong>ΙΠ</strong></span> <span class='ocrx_word' id='word_1_115' title='bbox 744 2134 789 2189; x_wconf 82' lang='lat' dir='ltr'><strong>Id.</strong></span> <span class='ocrx_word' id='word_1_116' title='bbox 809 2134 890 2189; x_wconf 70' lang='lat' dir='ltr'><strong>Faba</strong></span> <span class='ocrx_word' id='word_1_117' title='bbox 910 2151 936 2190; x_wconf 83' lang='lat' dir='ltr'><strong>c.</strong></span> <span class='ocrx_word' id='word_1_118' title='bbox 957 2138 1012 2192; x_wconf 81' lang='lat'><strong>705</strong></span> <span class='ocrx_word' id='word_1_119' title='bbox 1031 2136 1101 2204; x_wconf 77' lang='lat'><em>(49).</em></span> 
     </span>
    </p>
   </div>
   <div class='ocr_carea' id='block_1_7' title="bbox 530 2255 819 2312">
    <p class='ocr_par' dir='ltr' id='par_1_7' title="bbox 530 2255 819 2312">
     <span class='ocr_line' id='line_1_19' title="bbox 530 2255 819 2312; baseline 0 0"><span class='ocrx_word' id='word_1_120' title='bbox 530 2255 660 2312; x_wconf 79' lang='lat' dir='ltr'>CICERO</span> <span class='ocrx_word' id='word_1_121' title='bbox 679 2255 819 2312; x_wconf 74' lang='lat' dir='ltr'>ATTICO.</span> 
     </span>
    </p>
   </div>
   <div class='ocr_carea' id='block_1_8' title="bbox 166 2363 1221 3330">
    <p class='ocr_par' dir='ltr' id='par_1_8' title="bbox 166 2363 1221 3330">
     <span class='ocr_line' id='line_1_20' title="bbox 235 2363 1181 2430; baseline 0 0"><span class='ocrx_word' id='word_1_122' title='bbox 235 2363 317 2430; x_wconf 92' lang='lat' dir='ltr'><strong>Cum</strong></span> <span class='ocrx_word' id='word_1_123' title='bbox 340 2365 498 2430; x_wconf 91' lang='lat' dir='ltr'><strong>dedissem</strong></span> <span class='ocrx_word' id='word_1_124' title='bbox 526 2365 566 2429; x_wconf 91' lang='lat' dir='ltr'><strong>ad</strong></span> <span class='ocrx_word' id='word_1_125' title='bbox 593 2368 627 2430; x_wconf 91' lang='grc'><strong>11</strong></span> <span class='ocrx_word' id='word_1_126' title='bbox 653 2366 779 2430; x_wconf 87' lang='lat' dir='ltr'><strong>litteras</strong></span> <span class='ocrx_word' id='word_1_127' title='bbox 806 2365 918 2429; x_wconf 90' lang='lat' dir='ltr'><strong>tristes</strong></span> <span class='ocrx_word' id='word_1_128' title='bbox 946 2368 979 2430; x_wconf 94' lang='grc'><strong>11</strong></span> <span class='ocrx_word' id='word_1_129' title='bbox 1006 2368 1115 2429; x_wconf 92' lang='lat' dir='ltr'><strong>metuo</strong></span> <span class='ocrx_word' id='word_1_130' title='bbox 1138 2387 1181 2430; x_wconf 93' lang='lat' dir='ltr'><strong>ne</strong></span> 
     </span>
     <span class='ocr_line' id='line_1_21' title="bbox 166 2450 1221 2540; baseline 0.001 -22"><span class='ocrx_word' id='word_1_131' title='bbox 166 2475 258 2518; x_wconf 80' lang='lat' dir='ltr'><strong>veras</strong></span> <span class='ocrx_word' id='word_1_132' title='bbox 291 2453 330 2518; x_wconf 91' lang='lat' dir='ltr'><strong>de</strong></span> <span class='ocrx_word' id='word_1_133' title='bbox 361 2450 492 2518; x_wconf 85' lang='lat' dir='ltr'><strong>Lucreti</strong></span> <span class='ocrx_word' id='word_1_134' title='bbox 524 2453 565 2517; x_wconf 93' lang='lat' dir='ltr'><strong>ad</strong></span> <span class='ocrx_word' id='word_1_135' title='bbox 592 2451 740 2518; x_wconf 88' lang='lat' dir='ltr'><strong>Cassium</strong></span> <span class='ocrx_word' id='word_1_136' title='bbox 770 2453 890 2518; x_wconf 85' lang='lat' dir='ltr'><strong>litteris</strong></span> <span class='ocrx_word' id='word_1_137' title='bbox 921 2450 1030 2537; x_wconf 90' lang='lat' dir='ltr'><strong>Capua</strong></span> <span class='ocrx_word' id='word_1_138' title='bbox 1061 2453 1180 2540; x_wconf 88' lang='lat' dir='ltr'><strong>missis,</strong></span> <span class='ocrx_word' id='word_1_139' title='bbox 1194 2480 1221 2519; x_wconf 82' lang='lat' dir='ltr'><strong>so</strong></span> 
     </span>
     <span class='ocr_line' id='line_1_22' title="bbox 168 2539 1180 2624; baseline -0.001 -18"><span class='ocrx_word' id='word_1_140' title='bbox 168 2539 322 2624; x_wconf 88' lang='lat' dir='ltr'><strong>Cephalio</strong></span> <span class='ocrx_word' id='word_1_141' title='bbox 349 2541 439 2605; x_wconf 85' lang='lat' dir='ltr'><strong>venit</strong></span> <span class='ocrx_word' id='word_1_142' title='bbox 466 2564 485 2606; x_wconf 89' lang='lat' dir='ltr'><strong>a</strong></span> <span class='ocrx_word' id='word_1_143' title='bbox 511 2540 614 2606; x_wconf 85' lang='lat' dir='ltr'><strong>vobis.</strong></span> <span class='ocrx_word' id='word_1_144' title='bbox 659 2539 783 2606; x_wconf 82' lang='lat' dir='ltr'><strong>Attulit</strong></span> <span class='ocrx_word' id='word_1_145' title='bbox 817 2541 915 2606; x_wconf 89' lang='lat' dir='ltr'><strong>etiam</strong></span> <span class='ocrx_word' id='word_1_146' title='bbox 948 2564 967 2606; x_wconf 90' lang='lat' dir='ltr'><strong>a</strong></span> <span class='ocrx_word' id='word_1_147' title='bbox 993 2545 1027 2605; x_wconf 93' lang='lat' dir='ltr'><strong>te</strong></span> <span class='ocrx_word' id='word_1_148' title='bbox 1052 2541 1180 2606; x_wconf 89' lang='lat' dir='ltr'><strong>litteras</strong></span> 
     </span>
     <span class='ocr_line' id='line_1_23' title="bbox 166 2627 1179 2714; baseline 0.001 -22"><span class='ocrx_word' id='word_1_149' title='bbox 166 2627 336 2694; x_wconf 89' lang='lat' dir='ltr'><strong>hilariores</strong></span> <span class='ocrx_word' id='word_1_150' title='bbox 358 2648 418 2693; x_wconf 89' lang='lat' dir='ltr'><strong>nec</strong></span> <span class='ocrx_word' id='word_1_151' title='bbox 439 2633 548 2694; x_wconf 91' lang='lat' dir='ltr'><strong>tamen</strong></span> <span class='ocrx_word' id='word_1_152' title='bbox 569 2629 693 2714; x_wconf 89' lang='lat' dir='ltr'><strong>firmas,</strong></span> <span class='ocrx_word' id='word_1_153' title='bbox 715 2633 753 2694; x_wconf 93' lang='lat' dir='ltr'><strong>ut</strong></span> <span class='ocrx_word' id='word_1_154' title='bbox 776 2629 868 2695; x_wconf 88' lang='lat' dir='ltr'><strong>soles.</strong></span> <span class='ocrx_word' id='word_1_155' title='bbox 915 2627 1031 2693; x_wconf 88' lang='lat' dir='ltr'><strong>Omnia</strong></span> <span class='ocrx_word' id='word_1_156' title='bbox 1052 2628 1179 2694; x_wconf 87' lang='lat' dir='ltr'><strong>facilius</strong></span> 
     </span>
     <span class='ocr_line' id='line_1_24' title="bbox 168 2716 1181 2803; baseline 0.002 -23"><span class='ocrx_word' id='word_1_157' title='bbox 168 2717 293 2782; x_wconf 91' lang='lat' dir='ltr'><strong>credere</strong></span> <span class='ocrx_word' id='word_1_158' title='bbox 317 2737 460 2803; x_wconf 90' lang='lat' dir='ltr'><strong>possum,</strong></span> <span class='ocrx_word' id='word_1_159' title='bbox 483 2740 580 2801; x_wconf 90' lang='lat' dir='ltr'><strong>quarn</strong></span> <span class='ocrx_word' id='word_1_160' title='bbox 602 2718 689 2802; x_wconf 89' lang='lat' dir='ltr'><strong>quod</strong></span> <span class='ocrx_word' id='word_1_161' title='bbox 707 2717 859 2803; x_wconf 87' lang='lat' dir='ltr'><strong>scribitis,</strong></span> <span class='ocrx_word' id='word_1_162' title='bbox 880 2716 1071 2801; x_wconf 88' lang='lat' dir='ltr'><strong>Pompeium</strong></span> <span class='ocrx_word' id='word_1_163' title='bbox 1093 2739 1181 2782; x_wconf 84' lang='lat' dir='ltr'><strong>exer-</strong></span> 
     </span>
     <span class='ocr_line' id='line_1_25' title="bbox 167 2802 1180 2892; baseline 0.001 -24"><span class='ocrx_word' id='word_1_164' title='bbox 167 2804 269 2869; x_wconf 87' lang='lat' dir='ltr'><strong>citum</strong></span> <span class='ocrx_word' id='word_1_165' title='bbox 290 2804 417 2870; x_wconf 89' lang='lat' dir='ltr'><strong>habere.</strong></span> <span class='ocrx_word' id='word_1_166' title='bbox 461 2802 567 2870; x_wconf 92' lang='lat' dir='ltr'><strong>Nemo</strong></span> <span class='ocrx_word' id='word_1_167' title='bbox 589 2804 654 2871; x_wconf 89' lang='lat' dir='ltr'><strong>huc</strong></span> <span class='ocrx_word' id='word_1_168' title='bbox 679 2805 727 2870; x_wconf 90' lang='lat' dir='ltr'><strong>ita</strong></span> <span class='ocrx_word' id='word_1_169' title='bbox 754 2806 859 2871; x_wconf 87' lang='lat' dir='ltr'><strong>adfert</strong></span> <span class='ocrx_word' id='word_1_170' title='bbox 887 2806 1072 2892; x_wconf 81' lang='lat' dir='ltr'><strong>omniaque,</strong></span> <span class='ocrx_word' id='word_1_171' title='bbox 1097 2826 1180 2889; x_wconf 91' lang='lat' dir='ltr'><strong>quae</strong></span> 
     </span>
     <span class='ocr_line' id='line_1_26' title="bbox 166 2891 1220 2977; baseline 0.003 -21"><span class='ocrx_word' id='word_1_172' title='bbox 166 2892 277 2958; x_wconf 86' lang='lat' dir='ltr'><strong>nolim</strong></span> <span class='ocrx_word' id='word_1_173' title='bbox 315 2891 342 2958; x_wconf 94' lang='grc' dir='ltr'>Ο</span> <span class='ocrx_word' id='word_1_174' title='bbox 361 2915 429 2958; x_wconf 90' lang='lat' dir='ltr'><strong>rem</strong></span> <span class='ocrx_word' id='word_1_175' title='bbox 447 2893 611 2958; x_wconf 87' lang='lat' dir='ltr'><strong>miseraml</strong></span> <span class='ocrx_word' id='word_1_176' title='bbox 633 2894 734 2958; x_wconf 90' lang='lat' dir='ltr'><strong>malas</strong></span> <span class='ocrx_word' id='word_1_177' title='bbox 754 2915 865 2959; x_wconf 87' lang='lat' dir='ltr'><strong>causas</strong></span> <span class='ocrx_word' id='word_1_178' title='bbox 884 2915 1009 2977; x_wconf 91' lang='lat' dir='ltr'><strong>semper</strong></span> <span class='ocrx_word' id='word_1_179' title='bbox 1028 2892 1179 2972; x_wconf 91' lang='lat' dir='ltr'><strong>obtinuit,</strong></span> <span class='ocrx_word' id='word_1_180' title='bbox 1193 2917 1220 2959; x_wconf 83' lang='lat' dir='ltr'><strong>rs</strong></span> 
     </span>
     <span class='ocr_line' id='line_1_27' title="bbox 166 2979 1180 3064; baseline 0.002 -20"><span class='ocrx_word' id='word_1_181' title='bbox 166 2981 203 3044; x_wconf 93' lang='lat' dir='ltr'><strong>in</strong></span> <span class='ocrx_word' id='word_1_182' title='bbox 225 2980 348 3064; x_wconf 91' lang='lat' dir='ltr'><strong>optima</strong></span> <span class='ocrx_word' id='word_1_183' title='bbox 371 2979 518 3046; x_wconf 89' lang='lat' dir='ltr'><strong>concidit.</strong></span> <span class='ocrx_word' id='word_1_184' title='bbox 564 2979 648 3055; x_wconf 80' lang='lat' dir='ltr'><strong>Ouid</strong></span> <span class='ocrx_word' id='word_1_185' title='bbox 671 2983 775 3046; x_wconf 85' lang='lat' dir='ltr'><strong>dicam</strong></span> <span class='ocrx_word' id='word_1_186' title='bbox 796 2981 861 3046; x_wconf 89' lang='lat' dir='ltr'><strong>nisi</strong></span> <span class='ocrx_word' id='word_1_187' title='bbox 883 2981 966 3046; x_wconf 89' lang='lat' dir='ltr'><strong>illud</strong></span> <span class='ocrx_word' id='word_1_188' title='bbox 984 3003 1058 3047; x_wconf 90' lang='lat' dir='ltr'><strong>eum</strong></span> <span class='ocrx_word' id='word_1_189' title='bbox 1082 2981 1180 3047; x_wconf 86' lang='lat' dir='ltr'><strong>scisse</strong></span> 
     </span>
     <span class='ocr_line' id='line_1_28' title="bbox 167 3065 1180 3157; baseline 0.002 -25"><span class='ocrx_word' id='word_1_190' title='bbox 167 3065 286 3155; x_wconf 88' lang='lat' dir='ltr'><strong>(neque</strong></span> <span class='ocrx_word' id='word_1_191' title='bbox 309 3068 395 3133; x_wconf 89' lang='lat' dir='ltr'><strong>enim</strong></span> <span class='ocrx_word' id='word_1_192' title='bbox 418 3072 487 3133; x_wconf 90' lang='lat' dir='ltr'><strong>erat</strong></span> <span class='ocrx_word' id='word_1_193' title='bbox 510 3068 670 3157; x_wconf 88' lang='lat' dir='ltr'><strong>difficile),</strong></span> <span class='ocrx_word' id='word_1_194' title='bbox 695 3069 758 3135; x_wconf 92' lang='lat' dir='ltr'><strong>hoc</strong></span> <span class='ocrx_word' id='word_1_195' title='bbox 780 3069 943 3135; x_wconf 83' lang='lat' dir='ltr'><strong>nescisse?</strong></span> <span class='ocrx_word' id='word_1_196' title='bbox 988 3069 1071 3134; x_wconf 90' lang='lat' dir='ltr'><strong>Erat</strong></span> <span class='ocrx_word' id='word_1_197' title='bbox 1094 3070 1180 3134; x_wconf 90' lang='lat' dir='ltr'><strong>enim</strong></span> 
     </span>
     <span class='ocr_line' id='line_1_29' title="bbox 168 3157 1180 3243; baseline 0.002 -22"><span class='ocrx_word' id='word_1_198' title='bbox 168 3177 221 3221; x_wconf 85' lang='lat' dir='ltr'><strong>ars</strong></span> <span class='ocrx_word' id='word_1_199' title='bbox 253 3157 394 3222; x_wconf 87' lang='lat' dir='ltr'><strong>difficilis</strong></span> <span class='ocrx_word' id='word_1_200' title='bbox 426 3160 512 3221; x_wconf 88' lang='lat' dir='ltr'><strong>recte</strong></span> <span class='ocrx_word' id='word_1_201' title='bbox 543 3177 611 3221; x_wconf 90' lang='lat' dir='ltr'><strong>rem</strong></span> <span class='ocrx_word' id='word_1_202' title='bbox 647 3157 811 3242; x_wconf 89' lang='lat' dir='ltr'><strong>publicam</strong></span> <span class='ocrx_word' id='word_1_203' title='bbox 847 3178 966 3243; x_wconf 80' lang='lat' dir='ltr'><strong>regere.</strong></span> <span class='ocrx_word' id='word_1_204' title='bbox 1022 3157 1085 3224; x_wconf 83' lang='lat' dir='ltr'><strong>Sed</strong></span> <span class='ocrx_word' id='word_1_205' title='bbox 1115 3158 1180 3223; x_wconf 86' lang='lat' dir='ltr'><strong>iam</strong></span> 
     </span>
     <span class='ocr_line' id='line_1_30' title="bbox 167 3243 1106 3330; baseline 0.003 -22"><span class='ocrx_word' id='word_1_206' title='bbox 167 3243 296 3330; x_wconf 88' lang='lat' dir='ltr'><strong>iamque</strong></span> <span class='ocrx_word' id='word_1_207' title='bbox 320 3245 426 3310; x_wconf 88' lang='lat' dir='ltr'><strong>omnia</strong></span> <span class='ocrx_word' id='word_1_208' title='bbox 449 3244 585 3310; x_wconf 87' lang='lat' dir='ltr'><strong>sciemus</strong></span> <span class='ocrx_word' id='word_1_209' title='bbox 610 3248 642 3309; x_wconf 90' lang='lat' dir='ltr'><strong>et</strong></span> <span class='ocrx_word' id='word_1_210' title='bbox 665 3245 841 3310; x_wconf 85' lang='lat' dir='ltr'><strong>scribemus</strong></span> <span class='ocrx_word' id='word_1_211' title='bbox 865 3245 906 3310; x_wconf 90' lang='lat' dir='ltr'><strong>ad</strong></span> <span class='ocrx_word' id='word_1_212' title='bbox 928 3250 961 3311; x_wconf 92' lang='lat' dir='ltr'><strong>te</strong></span> <span class='ocrx_word' id='word_1_213' title='bbox 985 3245 1106 3311; x_wconf 86' lang='lat' dir='ltr'><strong>statim.</strong></span> 
     </span>
    </p>
   </div>
   <div class='ocr_carea' id='block_1_9' title="bbox 0 0 1312 3884">
    <p class='ocr_par' dir='ltr' id='par_1_9' title="bbox 0 0 1312 3884">
     <span class='ocr_line' id='line_1_31' title="bbox 0 0 1312 3884; baseline 0 0"><span class='ocrx_word' id='word_1_214' title='bbox 0 0 1312 3884; x_wconf 95' lang='lat' dir='ltr'><strong> </strong></span> 
     </span>
    </p>
   </div>
  </div>
 </body>
</html>
