2586 3886
288 1091 344 1173 M.
369 1091 560 1172 TULLI
585 1089 923 1174 CICERONIS

232 1250 615 1323 EPISTULARUM
642 1249 711 1322 AD
738 1251 980 1324 ATTICUM

419 1403 551 1469 LIBER
575 1403 796 1470 SEPTIMUS.

554 1584 660 1592 -ι---

574 1746 576 1749 v
596 1702 619 1767 Ι.

74 1837 87 1876 s
286 1821 342 1878 Ser.
357 1823 472 1878 Athenis
491 1825 588 1878 XVII
602 1823 639 1878 K.
654 1825 725 1879 Noc.
740 1841 765 1877 a.
782 1827 836 1878 704
856 1826 926 1892 (50).

422 1945 550 2000 CICERO
569 1945 698 2000 ATTICO
719 1946 792 2000 SAL.

169 2053 325 2118 Dederam
357 2056 503 2139 equidem
530 2053 565 2118 L.
592 2053 721 2118 Saufeio
749 2054 875 2118 litteras
903 2056 935 2116 et
963 2054 1144 2120 dederam1

104 2143 145 2206 ad
170 2146 203 2206 te
225 2164 337 2226 unum,
365 2144 464 2229 quod,
492 2164 565 2207 cum
591 2165 658 2206 non
682 2147 765 2206 esset
788 2143 943 2225 temporis
965 2142 1047 2205 mihi
1070 2143 1112 2206 ad

104 2230 306 2296 scribendum
330 2232 418 2315 satis,
440 2235 548 2295 tamen
569 2230 732 2295 hominem
755 2231 817 2294 tibi
835 2234 902 2294 tam
919 2230 1111 2295 familiarem

63 2319 172 2386 108l110
195 2319 275 2382 meis
294 2319 412 2383 litteris
436 2320 476 2382 ad
498 2323 531 2382 te
553 2320 662 2383 venire
679 2319 842 2402 nolebam,
867 2317 930 2403 sed,
953 2323 990 2382 ut
1008 2318 1111 2402 philo-

105 2407 199 2490 sophi
222 2407 396 2492 ambulant,
419 2408 478 2472 has
501 2408 562 2472 tibi
585 2407 746 2471 redditum
770 2407 810 2470 iri
831 2407 988 2490 putabam
1010 2407 1109 2490 prius.

103 2493 162 2559 Sin
188 2495 253 2559 iam
281 2495 353 2558 illas
382 2496 546 2580 accepisti,
578 2495 639 2559 scis
666 2517 717 2559 me
739 2493 885 2558 Athenas
916 2495 1041 2558 venisse
1063 2517 1111 2579 pr.

102 2582 179 2646 Idus
202 2581 370 2668 Octobres,
399 2605 416 2647 e
444 2584 519 2648 navi
546 2605 710 2668 egressum
738 2584 774 2647 111
794 2581 944 2646 Piraeum
973 2587 1045 2646 tuas
1070 2583 1110 2646 ab

102 2670 223 2735 Acasto
253 2675 364 2736 nostro
396 2673 521 2736 litteras
550 2672 718 2756 accepisse,
752 2671 993 2754 conturbatum,
1025 2672 1113 2755 quod

65 2779 176 2824 15611111
202 2759 291 2823 febre
314 2759 451 2824 Romam
478 2761 633 2845 venisses,
664 2760 749 2824 bono
777 2763 887 2823 tamen
911 2759 1018 2823 animo
1043 2780 1112 2822 esse

104 2847 259 2932 coepisse,
292 2848 379 2931 quod
400 2848 538 2912 Acastus
566 2871 615 2933 ea,
646 2870 727 2931 quae
749 2848 876 2931 vellem,
910 2847 948 2910 de
973 2847 1111 2911 allevato

104 2956 236 3018 corpore
253 2939 311 2998 tuo
329 2938 502 3022 nuntiaret,
520 2936 720 3001 cohorruisse
740 2939 846 3000 autem
865 2956 911 3019 cc,
931 2934 1017 3018 quod
1035 2939 1111 2999 tuae

102 3022 230 3087 litterae
254 3023 292 3086 de
313 3024 496 3108 legionibus
520 3022 666 3089 Caesaris
689 3025 858 3108 adferrent,
881 3028 914 3087 et
938 3023 1042 3109 egisse
1066 3027 1111 3087 te·

105 3131 190 3196 cum,
216 3115 254 3174 ut
275 3112 409 3197 videres,
437 3134 478 3176 ne
501 3113 578 3196 quid
601 3116 772 3198 φιλοτιμία
794 3113 873 3195 eius,
895 3133 991 3194 quem
1014 3112 1113 3196 nosti,

68 3224 93 3262 ac
104 3199 198 3263 nobis
216 3204 352 3284 noceret,
376 3205 417 3285 et,
439 3201 477 3264 ds
497 3222 560 3284 quo
579 3201 643 3265 iam
661 3201 784 3284 pridem
803 3200 844 3264 ad
860 3202 893 3263 te
913 3200 1112 3284 scripseram,

105 3285 280 3351 Turranius
303 3292 410 3352 autem
433 3309 523 3354 secus
542 3289 603 3352 tibi
625 3289 777 3353 Brundisi
801 3288 924 3351 dixerat
948 3285 1055 3374 (quod
1074 3308 1112 3350 ex

105 3374 146 3438 ils
167 3375 286 3439 litteris
310 3377 459 3463 cognovi,
487 3399 565 3460 quas
589 3400 608 3440 a
628 3375 775 3461 Xenone,
807 3376 930 3458 optimo
955 3377 1035 3461 viro,
1065 3397 1113 3438 ac·

106 3463 209 3550 cepi),
228 3485 283 3527 cur
296 3465 428 3528 fratrem
446 3465 629 3548 provinciae
647 3487 712 3530 non
725 3463 957 3547 praefecissem,
978 3462 1113 3546 exposui
