2564 3880
194 160 454 214 EPISTULARUM
472 161 522 215 AD
541 161 706 217 ATTICUM
724 162 789 216 XIII
809 167 922 216 12-16.
1022 162 1090 225 403

138 303 256 370 Brinni
274 304 421 389 libertus,
439 304 570 368 coheres
589 309 709 388 noster,
724 305 854 387 scripsit
872 304 913 367 ad
931 326 982 368 me
1000 304 1092 388 velle,
1110 321 1208 372 ΜΝ
1223 320 1244 370 1)

71 395 99 457 si
128 393 211 457 mihi
238 392 391 475 placeret,
424 392 609 478 coheredes,
639 415 673 457 se
701 396 733 456 et
763 391 920 456 Sabinum
946 390 1090 474 Albium,

70 482 112 544 ad
136 503 188 544 me
206 481 322 544 venire.
359 480 397 543 Id
416 500 476 563 ego
496 479 591 563 plane
609 481 693 544 nolo,
730 479 902 544 Hereditas
922 479 1006 542 tanti
1023 501 1091 543 non

71 574 131 632 est.
183 567 228 632 Et
256 572 365 631 tamen
393 568 482 632 obire
510 569 669 632 auctionis
697 568 781 632 diem
812 567 906 632 facile
937 571 1090 651 poterunt

42 655 139 742 ⁵(est
174 656 260 720 enim
294 673 334 719 111
367 654 474 741 Idus),
507 657 537 720 si
569 679 621 720 me
653 657 689 720 in
720 655 901 720 Tusculano
933 654 1090 738 postridie

71 743 185 808 Nonas
213 764 308 808 mane
336 743 551 808 convenerint.
598 743 720 820 Quodsi
746 743 853 809 laxius
880 743 991 808 volent
1018 764 1091 826 pro-

71 834 157 896 ferre
184 831 282 914 diem,
309 835 464 914 poterunt
486 832 539 895 vel
560 832 694 896 biduum
718 832 770 895 vel
792 832 952 916 triduum,
979 831 1090 895 velut

72 920 249 1004 videbitur,
281 918 365 982 nihil
391 921 478 983 enim
509 921 652 984 interest.
694 918 812 1005 Quare,
838 920 902 983 nisi
930 920 996 984 iam
1018 940 1091 1002 pro-

72 1009 149 1073 fecti
169 1011 254 1090 sunt,
277 1008 432 1072 retinebis
450 1007 606 1072 homines.
643 1006 692 1072 De
710 1008 823 1093 Bruto,
842 1009 870 1072 si
889 1007 967 1091 quid
986 1006 1092 1092 operit,
1109 1021 1174 1073 (ΧΠ
1189 1022 1210 1070 2)

31 1123 58 1161 ιο
72 1097 110 1160 de
130 1095 276 1181 Caesare,
294 1095 323 1158 si
342 1095 420 1179 quid
439 1096 529 1182 scies,
548 1097 576 1160 si
596 1096 675 1180 quid
694 1097 756 1159 erit
773 1100 948 1180 praeterea,
960 1095 1090 1160 scribes.

490 1270 577 1355 xus,
600 1270 670 1335 xv,

247 1391 304 1446 Ser.
319 1393 352 1444 in
370 1392 505 1460 ArpInatc'
527 1392 555 1446 V
570 1392 607 1447 K.
625 1392 718 1461 Colat.
734 1411 760 1446 a.
776 1397 832 1447 709
851 1395 920 1460 (45).

375 1514 521 1570 CICERO
539 1515 686 1570 ATTICO
705 1514 788 1570 SAL.

139 1621 224 1687 Illud
247 1621 345 1686 etiam
363 1627 460 1706 atque
478 1623 576 1686 etiam
595 1623 777 1686 consideres
796 1621 902 1704 velim,
925 1621 1090 1704 placeatne
1110 1638 1124 1683 1
1145 1637 1175 1687 (a)

31 1739 56 1779 ιε
70 1711 135 1775 tibi
158 1711 248 1774 mitti
271 1710 312 1774 ad
334 1709 524 1796 Varronem,
543 1710 629 1794 quod
653 1711 848 1794 scripsimus.
895 1709 969 1774 Etsi
993 1711 1091 1773 etiam

71 1800 114 1864 ad
141 1803 175 1862 te
202 1797 327 1882 aliquid
354 1799 502 1881 pertinet.
549 1797 635 1862 Nam
663 1799 745 1863 scIto
772 1803 805 1863 te
833 1798 862 1862 ei
886 1797 1015 1881 dialogo
1039 1797 1091 1860 ad-

70 1890 221 1952 iunctum
253 1908 323 1950 esse
354 1887 496 1951 tertium.
534 1883 666 1970 -Opinor
698 1887 813 1971 igi'cur,
843 1885 1090 1949 consideremus.

70 1975 148 2041 Etsi
171 1975 303 2038 nomina
326 1973 391 2038 iam
414 1975 500 2039 facta
518 1979 607 2058 sunt,
631 1975 756 2038 sedvel
775 1974 882 2038 induci
901 1974 953 2038 vel
971 1974 1091 2037 mutari

95 2067 219 2129 ossunt.

30 2089 92 2219 aop
141 2150 225 2226 Quid
247 2151 325 2234 agit,
348 2149 479 2214 obsecro
502 2155 544 2233 te,
567 2149 678 2214 Attica
699 2150 833 2215 nostra?
870 2148 956 2213 Nam
979 2148 1087 2214 triduo
1107 2164 1124 2211 2
1144 2163 1199 2215 (XV
1212 2163 1235 2210 1>

72 2242 131 2304 abs
164 2243 198 2303 te
229 2239 336 2303 nullas
368 2260 563 2322 acceperam,
603 2260 662 2302 nec
691 2239 816 2302 mirum.
867 2236 972 2302 Nemo
1006 2238 1091 2301 enim

71 2331 215 2412 venerat,
237 2347 297 2390 nec
319 2326 458 2390 fortasse
481 2347 576 2390 causa
599 2328 713 2391 fuerat.
758 2326 873 2410 ltaque
896 2326 976 2410 ipse,
1006 2325 1092 2408 quod

74 2417 256 2493 scriberem,
280 2436 346 2478 non
368 2414 536 2478 habebam.
578 2413 648 2490 Quo
672 2419 781 2478 autem
804 2415 854 2478 die
876 2414 935 2477 has
959 2412 1091 2477 Valerio

72 2507 199 2588 dabam,
222 2502 446 2585 exspectabam
471 2501 611 2585 aliquem
633 2524 786 2567 meorum.
825 2501 887 2578 Qui
905 2502 932 2565 si
950 2502 1092 2566 venisset

33 2619 58 2659 aa
73 2598 106 2658 et
130 2615 149 2656 a
172 2596 206 2656 te
229 2591 307 2675 quid
330 2591 504 2675 attulisset,
527 2591 675 2655 videbam
697 2613 764 2655 non
787 2591 983 2675 defuturum,
1006 2590 1093 2674 quod

74 2680 256 2746 scriberem.

538 2817 626 2883 XVI.

240 2922 297 2978 Ser.
312 2924 345 2976 c'n
363 2922 498 2992 Arpinati
515 2922 565 2976 IV
581 2921 618 2975 K.
636 2920 729 2990 Quint.
744 2938 770 2975 a.
786 2926 842 2976 709
861 2925 930 2990 (45).

382 3027 527 3082 CICERO
544 3027 690 3082 ATTICO
709 3026 791 3082 SAL.

35 3148 61 3187 ao
143 3118 223 3203 Nos,
246 3140 318 3183 cum
341 3118 475 3182 flumina
499 3123 538 3183 et'
554 3118 763 3183 solitudinem
786 3139 1005 3201 sequeremur,
1027 3137 1092 3199 quo
1113 3132 1127 3178 1

74 3208 203 3273 facilius
228 3211 410 3272 sustentare
432 3228 492 3270 nos
516 3227 693 3291 possemus,
716 3206 830 3289 pedem
853 3227 870 3269 e
892 3205 971 3269 villa
989 3203 1093 3266 adhuc

76 3296 198 3382 egressi
228 3317 295 3359 non
327 3317 453 3380 sumus,
484 3295 532 3358 ita
564 3315 699 3378 magnos
733 3298 765 3358 et
792 3293 944 3357 adsiduos
972 3291 1093 3355 imbres

75 3384 283 3449 habebamus.
335 3381 430 3446 Illam
461 3381 684 3466 Ἀκαὸημικὴν
718 3381 876 3458 σύνταξιν
912 3384 1016 3444 totam
1053 3378 1096 3442 ad

76 3473 258 3540 Varronem
292 3470 502 3534 traduximus.
556 3468 666 3533 Primo
701 3470 766 3533 fult
800 3467 921 3549 Catuli,
956 3466 1095 3552 Luculli,

879 3569 933 3623 26*
