2560 3880
315 155 571 211 EPISTULARUM
590 157 639 209 AD
657 156 810 210 BRUTUM
827 157 853 210 Π
870 164 896 226 4,
916 163 939 212 5.
1057 159 1122 222 559

118 305 284 366 certamen.
330 299 369 365 Id
391 301 534 384 profecto
556 299 682 364 nullum
704 303 796 383 esset,
818 300 882 364 nisi
904 305 975 364 tum
998 321 1122 366 conser-

117 394 210 454 vatus
241 393 325 453 esset
351 387 521 453 Antonius.
568 385 630 453 Sed
656 387 734 452 haec
761 389 890 471 omitto,
921 411 972 452 res
995 389 1122 454 anima

117 482 150 542 te
173 482 264 562 gesta
287 477 502 541 memorabilis
525 479 557 539 et
579 497 678 559 paene
701 476 845 540 caelestis
867 477 993 560 repellit
1012 499 1121 542 omnes

118 565 394 650 reprehensiones,
426 565 544 648 quippe
576 586 657 647 quae
687 586 727 629 ne
759 564 851 628 laude
884 565 1011 648 quidem
1042 566 1121 629 satis

91 655 232 722 sidonea
264 654 356 718 adlici
386 654 498 736 possit.
542 652 711 716 Exstitisti
741 673 843 735 nuper
874 653 967 717 vultu
999 675 1121 738 severo,

120 743 307 827 exercitum,
335 742 456 827 copias,
482 741 624 824 legiones
646 741 776 804 idoneas
798 762 856 823 per
877 744 909 804 te
932 742 1022 806 brevi
1044 746 1122 806 tem-

1 895 2 899 ,
120 853 197 914 pore
233 831 432 913 comparasti.
484 829 526 892 Di
558 829 766 893 immortales!
808 829 863 911 qui
894 829 949 892 ille
980 830 1123 913 nuntius,

121 941 201 1002 quae
224 918 298 982 illae
316 919 452 1001 litterae,
475 938 554 1000 quae
571 917 695 980 laetitia
714 921 853 1003 senatus,
875 939 955 1000 quae
974 918 1122 982 alacritas

121 1007 260 1071 civitatis
291 1009 370 1069 eret!
402 1005 483 1068 nihil
512 1027 664 1088 umquam
693 1005 759 1069 vidi
785 1008 852 1068 tam
880 1005 1023 1069 omnium
1050 1027 1123 1070 con-

82 1121 107 1161 ιο
122 1095 268 1160 sensione
289 1093 462 1158 laudatum.
507 1093 589 1157 Erat
612 1093 806 1175 exspectatio
829 1093 1036 1176 reliquiarum
1058 1093 1123 1158 An-

121 1184 205 1267 toni,
237 1203 332 1265 quem
364 1182 510 1265 equitatu
541 1181 786 1265 legionibusque
818 1203 934 1266 magna
966 1204 1005 1246 ex
1032 1186 1122 1265 parte

122 1271 286 1354 spoliaras.
322 1269 372 1334 Ea
394 1290 521 1353 quoque
542 1269 657 1333 habuit
680 1269 801 1333 exitum
825 1270 1006 1352 optabilem.
1039 1269 1123 1333 Nam

121 1364 196 1423 tuae
218 1359 358 1442 litterae,
388 1379 468 1441 quae
491 1357 641 1421 recitatae
663 1357 697 1421 in
720 1361 832 1422 senatu
855 1363 945 1445 sunt,
971 1362 1003 1422 et
1025 1359 1123 1441 impe-

122 1447 239 1511 ratoris
263 1450 296 1510 et
317 1445 457 1510 militum
479 1446 629 1509 virtutem
654 1449 685 1509 et
708 1445 899 1509 industriam
920 1450 1060 1531 tuorum,
1089 1446 1124 1509 in

83 1560 109 1600 15
124 1535 240 1619 quibus
259 1533 420 1598 Ciceronis
438 1534 510 1619 mei,
528 1534 695 1597 declarant.
732 1532 852 1609 Quodsi
869 1535 935 1598 tuis
952 1534 1124 1616 placuisset

123 1624 161 1686 de
183 1623 235 1687 his
256 1623 373 1687 litteris
396 1621 518 1706 referri,
544 1625 576 1686 et
598 1622 662 1686 nisi
685 1622 718 1684 in
740 1625 866 1705 tempus
889 1622 1124 1686 turbulentissi-

123 1733 212 1774 mum
229 1715 303 1794 post
321 1711 495 1774 discessum
511 1709 634 1774 Pansae
652 1710 791 1774 consulis
808 1710 1004 1796 incidissent,
1020 1710 1124 1774 honos

124 1821 250 1882 quoque
280 1799 385 1863 iustus
417 1802 449 1861 et
480 1797 606 1861 debitus
639 1798 687 1862 dis
715 1797 951 1863 immortalibus
980 1798 1124 1862 decretus

125 1891 216 1952 esset.
261 1887 344 1951 Ecce
370 1886 433 1950 tibi
454 1883 534 1949 Idib.
558 1885 659 1968 April.
687 1886 814 1950 advolat
841 1909 933 1950 manc
961 1884 1051 1950 Oeler
1073 1886 1159 1950 Pi-3

84 2002 111 2040 ao
124 1976 201 2061 lius,
229 1976 284 2059 qui
311 1975 374 2060 vir,
404 1974 436 2036 di
466 1973 557 2059 boni,
584 1996 680 2057 quam
702 1975 821 2059 gravis,
849 1997 945 2058 quam
967 1979 1125 2057 constans,

125 2086 222 2146 quam
251 2064 407 2128 bonarum
433 2062 468 2126 in
490 2084 525 2126 re
547 2061 675 2146 publica
697 2063 849 2146 partium!
885 2063 948 2126 Hic
971 2063 1124 2145 epistulas

126 2151 228 2214 adfert
254 2152 346 2234 duas,
372 2173 469 2214 unam
496 2154 553 2214 tuo
579 2151 719 2234 nomine,
747 2150 879 2215 alteram
901 2150 1038 2235 Antoni,
1070 2151 1125 2214 dat

127 2236 261 2302 Servilio
292 2239 423 2303 tribuno
450 2237 568 2325 plebis,
594 2238 648 2302 ille
676 2236 827 2302 Oornuto.
876 2237 1066 2303 Recitantur
1091 2239 1126 2302 in

126 2330 246 2390 senatu.
292 2325 484 2390 ‘ANTONIVS
507 2327 662 2391 Pnocos'
697 2326 815 2411 Magna
838 2327 1015 2412 admiratio,
1037 2330 1074 2391 ut
1098 2327 1126 2391 si

87 2439 112 2480 aa
128 2418 211 2478 esset
237 2414 406 2478 recitatum
429 2413 656 2478 ‘DOLABELLA
678 2415 906 2499 mammon,
930 2437 948 2478 a
971 2437 1034 2498 quo
1058 2415 1126 2498 qui-

127 2503 199 2566 dem
231 2505 383 2566 venerant
411 2501 583 2586 tabellarii,
616 2503 671 2567 sed
697 2524 791 2567 nemo
817 2502 881 2566 Pili
908 2503 1037 2589 similis,
1070 2504 1126 2586 qui

126 2590 268 2674 proferre
304 2591 428 2655 litteras
465 2589 594 2654 auderet
625 2596 680 2654 aut
712 2591 956 2675 magistratibus
987 2591 1125 2655 reddere.

127 2679 214 2743 Tuae
235 2679 410 2743 recitantur
432 2678 543 2742 breves
566 2678 639 2742 illae
662 2679 797 2764 quidem,
821 2679 875 2742 sed
897 2679 932 2742 in
948 2677 1127 2743 Antonium

128 2767 297 2832 admodum
318 2767 412 2831 lenes.
444 2765 657 2830 Vehementer
679 2767 853 2831 admiratus
872 2772 1009 2832 senatus.
1045 2767 1127 2831 Mihi

88 2881 115 2920 ao
129 2859 236 2919 autem
256 2876 322 2920 non
344 2857 413 2919 erat
436 2855 641 2938 explicatum,
671 2855 747 2938 quid
770 2876 902 2940 agerem.
947 2855 1059 2920 Falsas
1083 2855 1127 2918 di-

129 2943 252 3008 cerem?
290 2943 380 3027 quid,
412 2943 439 3006 si
466 2948 503 3007 tu
530 2963 583 3006 eas
611 2942 841 3025 adprobasses?
877 2941 1127 3008 Confirmarem?

128 3052 194 3095 non
230 3036 298 3094 erat
329 3031 496 3116 dignitatis
526 3035 609 3094 tuae.
660 3028 773 3114 Itaque
805 3031 859 3095 illc
890 3032 957 3095 dies
990 3030 1162 3094 silentio4

128 3118 287 3183 Postridie
323 3123 429 3182 autem
464 3141 537 3183 cum
569 3140 672 3183 sermo
704 3119 929 3205 increbuisset,
964 3118 1127 3200 Piliusque

130 3206 239 3271 oculos
267 3207 485 3271 vehementius
506 3207 675 3271 hominum
701 3207 898 3288 offendisset,
929 3210 1041 3269 natum
1064 3226 1129 3268 om·

89 3319 115 3361 ss
129 3295 205 3359 nino
239 3298 287 3358 est
318 3295 511 3378 principium
541 3317 560 3359 a
591 3317 649 3360 me.
694 3293 743 3358 De
769 3294 958 3378 proconsule
985 3293 1128 3358 Antonio

129 3383 239 3448 multe.
294 3380 417 3448 Sestius
453 3405 565 3448 causac
600 3406 666 3448 non
702 3384 803 3447 defuit
838 3386 913 3466 post
948 3404 1012 3467 me,
1048 3404 1130 3466 curn,

130 3475 250 3556 quanto
279 3493 372 3536 suum
397 3471 512 3557 filium,
541 3477 660 3556 quanto
688 3494 795 3536 meum
824 3471 859 3534 in
880 3471 1022 3554 periculo
1045 3470 1130 3535 futu·
