2568 3888
271 131 531 186 EPISTULARUM
549 132 599 186 AD
619 131 783 187 ATTICUM
802 133 828 186 11
848 139 871 200 1,
892 139 915 188 2.
1062 133 1106 196 43

136 272 312 340 Favonius
336 297 442 340 meam
460 275 585 340 tribum
603 275 681 339 tulit
700 276 869 341 honestius
888 297 985 360 quam
1005 299 1106 362 suam,
1126 295 1142 342 a

65 361 195 428 Luccei
224 364 376 447 perdidit.
412 363 588 429 Accusavit
610 363 764 429 Nasicam
787 364 958 428 inhoneste
981 386 1017 429 ac
1040 387 1107 430 mo·

66 452 167 516 deste
201 455 322 516 tamen
378 451 472 516 Dixit
503 453 564 536 ita,
600 456 637 517 ut
669 452 778 517 Rhodi
810 453 974 517 videretur
1010 453 1107 518 molis

68 540 190 622 potius
216 562 317 624 quam
339 539 466 605 Moloni
489 562 620 624 operam
644 541 778 606 dedisse.
824 539 922 624 Mihi,
946 542 1034 624 quod
1056 542 1108 605 de

41 629 267 713 sfendissem,
284 628 401 693 leviter
419 629 609 693 suscensuit.
646 627 743 693 Nunc
761 633 870 693 tamen
888 629 970 713 petit
988 629 1108 694 iterum

68 717 120 780 rei
151 717 308 801 publicae
336 738 439 781 causa.
490 716 645 782 Lucceius
675 718 754 800 quid
781 721 870 802 egat,
901 717 1040 782 scribam
1068 717 1108 782 ad

70 809 120 888 te,
157 827 235 870 cum
268 803 437 870 Caesarem
468 805 594 891 videro,
626 805 682 889 qui
716 806 819 870 aderit
851 805 960 871 biduo.
1014 805 1108 881 Quod
1119 823 1152 870 10

71 891 228 976 Sicyonii
257 897 291 958 te
318 894 464 977 laedunt,
492 891 610 958 Catoni
638 896 670 957 et
698 894 766 958 eius
795 894 988 958 aemulatori
1015 894 1108 959 attri-

72 982 154 1046 buis
170 981 320 1047 Servilio.
357 981 462 1057 Quid?
487 1003 522 1046 ea
545 983 642 1067 plaga
664 1002 772 1047 nonne
795 982 836 1046 ad
858 983 980 1047 multos
1003 981 1107 1047 bonos

36 1097 60 1132 ιο
74 1072 168 1135 viros
193 1070 360 1154 pertinet?
407 1068 483 1153 Sed,
512 1070 539 1135 si
562 1070 609 1134 ita
631 1070 762 1155 placuit,
784 1070 966 1156 laudemus,
995 1070 1108 1134 deinde

75 1159 113 1222 in
139 1158 396 1223 discessionibus
420 1158 482 1223 soli
504 1158 747 1242 relinquamur?

147 1246 328 1312 Amalthea
350 1267 421 1310 mea
443 1251 477 1310 te
501 1250 665 1330 exspectat
689 1251 722 1311 et
743 1247 868 1332 indiget
891 1249 948 1312 tui.
986 1246 1151 1312 Tuscu-11

75 1335 195 1400 lanum
220 1339 253 1399 et
275 1334 509 1418 Pompeianum
532 1334 624 1399 valde
651 1356 703 1399 me
727 1335 900 1420 delectant,
927 1335 993 1400 nisi
1020 1336 1108 1419 quod

78 1446 143 1507 me,
165 1424 263 1488 illum
286 1423 394 1506 ipsum
412 1423 571 1488 vindicem
590 1423 673 1488 aeris
692 1422 797 1508 alieni,
821 1445 893 1488 aere
911 1445 978 1488 non
996 1421 1108 1488 Corin-

41 1537 65 1576 15
80 1511 164 1596 thio,
188 1512 248 1576 sed
268 1510 331 1576 hoc
354 1511 607 1576 circumforaneo
631 1512 819 1576 obruerunt.
856 1511 894 1575 In
914 1509 1020 1575 Callia
1039 1532 1108 1595 spe

81 1622 194 1665 ramus
219 1621 290 1664 esse
313 1599 424 1664 otium.
470 1598 683 1685 Prognostica
705 1621 777 1664 mea
800 1621 874 1663 cum
896 1600 1107 1664 oratiunculis

81 1710 185 1773 prope
210 1688 296 1752 diem
315 1691 463 1771 exspecta
482 1692 650 1772 ettamen,
674 1689 753 1773 quid
770 1687 895 1772 cogites
914 1687 953 1751 de
968 1687 1108 1751 adventu

82 1783 156 1864 tuo,
189 1776 296 1841 scribe
328 1776 369 1841 ad
399 1798 468 1840 nos.
523 1775 608 1839 Nam
640 1777 721 1840 mihi
752 1776 932 1860 Pomponia
963 1775 1108 1839 nuntiari

83 1865 182 1930 iussit
199 1868 235 1928 te
254 1885 366 1929 mense
384 1864 663 1949 QuintiliRomae
680 1865 758 1929 fore.
795 1862 870 1927 Ida
889 1865 955 1928 tuis
978 1863 1108 1947 litteris,
1149 1899 1151 1904 ·

45 1975 166 2037 aequas
190 1953 308 2017 adme
330 1953 370 2016 de
393 1974 490 2017 censu
514 1957 571 2018 tuo
595 1953 738 2038 miseras,
763 1952 972 2035 discrepabat.

150 2041 282 2125 Paetus,
304 2045 342 2105 ut
365 2044 459 2106 antea
482 2040 523 2106 ad
544 2045 579 2105 te
601 2042 729 2125 scripsi,
752 2062 863 2105 omnes
886 2040 1002 2126 libros,
1026 2060 1107 2123 quos
1119 2057 1167 2106 12·

85 2132 186 2195 freter
206 2150 285 2194 suus
304 2129 499 2214 reliquisset,
517 2129 598 2193 mihi
613 2129 753 2193 donavit.
790 2128 863 2193 Hoc
881 2129 970 2192 illius
989 2149 1108 2192 munus

86 2220 200 2283 intua
224 2217 394 2303 diligentia
417 2217 561 2300 positum
585 2221 642 2282 est.
689 2215 725 2282 Si
747 2239 799 2280 me
823 2239 925 2302 arnas,
952 2238 1041 2301 cura,
1071 2220 1109 2304 ut
1136 2215 1137 2222 '

86 2309 318 2372 conserventur
350 2310 382 2369 et
415 2306 456 2369 ad
486 2327 539 2370 me
570 2305 787 2390 perferantur3
819 2304 882 2369 hoc
913 2304 995 2369 mihi
1026 2303 1111 2368 nihil

49 2419 73 2460 aa
87 2398 291 2479 potestesse
318 2394 452 2479 gratius.
498 2393 543 2458 Et
571 2415 644 2457 cum
668 2391 807 2458 Graecos
835 2398 906 2457 tum
934 2415 1010 2457 vero
1039 2393 1110 2456 dili·

85 2489 198 2570 genter
227 2481 365 2547 Latinos
397 2485 434 2546 ut
462 2503 631 2547 conserves
659 2482 765 2546 velim„
816 2481 922 2546 Tuum
950 2481 1110 2546 essehoc
1156 2549 1159 2557 Δ

85 2572 317 2638 munusculum
339 2570 471 2653 putabo.
507 2569 561 2634 Ad
579 2568 751 2635 Octavium
775 2569 848 2634 dedi
870 2571 1013 2655 litteras,
1036 2592 1110 2634 cum

85 2662 154 2745 ipso
178 2659 265 2725 nihil
289 2679 377 2722 eram
399 2658 542 2743 locutus,
569 2679 675 2743 neque
703 2659 789 2724 enim
812 2659 875 2722 ista
897 2662 955 2722 tua
977 2659 1110 2744 negotia

85 2747 299 2832 provincialia
332 2767 402 2811 esse
433 2746 590 2830 putabam
622 2767 727 2830 neque
754 2750 787 2812 te
814 2747 848 2811 in
875 2746 1111 2811 tocullionibus

51 2838 256 2904 shabebam.
305 2832 369 2899 Sed
392 2835 518 2921 scripsi,
541 2838 578 2900 ut
601 2835 706 2920 debui,
731 2835 912 2920 diligenter.

580 3010 621 3074 Π.

209 3133 269 3189 Ser.
290 3133 329 3187 cd
346 3132 442 3186 villam
461 3149 495 3186 m.
515 3131 592 3199 Dee,
610 3139 642 3188 ut
659 3133 776 3199 virimar,
795 3150 821 3186 α.
842 3135 897 3186 694
912 3134 983 3200 (60),

411 3254 539 3310 CICERO
559 3253 691 3310 ATTICO
712 3254 787 3309 SAL.

150 3364 247 3449 Cura,
271 3363 388 3430 amabo
407 3368 449 3448 te,
474 3363 660 3430 Ciceronem
678 3366 836 3428 nostrum.
882 3361 925 3426 Ei
948 3383 1008 3427 nos
1032 3377 1112 3426 συν·
1131 3377 1146 3425 1

50 3479 73 3518 ss
88 3465 197 3520 νοσεῖν
221 3453 379 3518 videmur.
426 3457 648 3537 Hellpvcc‘ccv
671 3453 706 3516 in
728 3451 880 3514 manibus
902 3450 1054 3514 tenebam
1077 3452 1110 3510 et
1130 3465 1146 3511 a
