2568 3888
166 169 210 232 46
490 168 527 223 Μ.
547 168 655 222 TULLI
674 167 864 224 CICERONIS

167 312 280 397 dicere,
303 312 509 376 millesimam
531 316 657 396 partem
680 313 735 376 vix
763 312 928 398 intellege.
974 311 1040 377 Pro
1065 334 1111 377 eo
1140 311 1211 375 tibi

167 405 369 484 praesentem
392 402 562 484 pecuniam
590 401 672 465 solvi
695 401 862 487 imperavi,
884 421 925 466 ne
949 405 987 464 tu
1011 421 1211 484 expensum

166 489 355 554 muneribus
385 492 495 555 ferres.
547 486 623 574 Sed,
656 490 810 574 quoniam
832 511 1044 554 nummorum
1066 489 1209 554 mentio

165 578 251 643 facta
270 581 329 663 est,
348 578 464 643 amabo
479 582 522 664 te,
540 599 625 663 cura,
643 583 680 641 ut
694 599 766 664 cum
781 576 915 664 Titinio,
939 599 1072 662 quoquo
1093 577 1208 642 modo

165 667 298 752 poteris,
321 667 492 751 transigas.
524 663 680 751 simeo,
703 666 790 750 quod
809 667 1003 752 ostenderat,
1024 687 1096 730 non
1120 669 1210 749 stat,
1239 689 1253 728 5

165 754 246 818 mihi
269 755 408 819 maxime
431 754 537 838 placet
560 775 610 839 aa,
634 777 716 838 quae
735 755 819 818 male
843 759 952 838 empta
975 758 1068 840 sunt,
1091 753 1210 839 reddi,

166 844 195 906 si
217 843 386 907 voluntate
406 841 604 926 Pomponiae
628 843 698 907 fieri
721 843 856 926 poterit3
880 844 908 906 si
931 865 972 906 ne
994 843 1029 906 id
1049 843 1209 927 quidem,

163 931 289 995 nummi
321 931 431 1014 potius
461 931 650 1016 reddantur,
683 953 780 1015 quam
809 931 896 996 ullus
928 932 971 995 sit
1006 930 1207 1015 scrupulus.

164 1018 268 1083 Valde
290 1018 353 1082 hoc
375 1019 486 1104 velim,
518 1023 690 1102 antequam
713 1019 931 1104 proficiscare,
961 1023 1128 1106 amanter,
1164 1022 1208 1082 ut

167 1107 260 1190 soles,
284 1107 520 1192 diligenterque
543 1107 701 1172 conficias.
895 1178 899 1183 ,
1222 1132 1251 1171 ιο

129 1215 144 1262 2
233 1193 365 1260 Clodius
389 1216 480 1281 ergo,
509 1199 547 1259 ut
571 1196 633 1282 ais,
662 1196 702 1259 ad
725 1196 911 1281 Tigranem!
948 1195 1057 1260 Velim
1081 1198 1106 1280 †
1128 1195 1204 1260 Sir-

164 1283 237 1366 piae
274 1284 473 1369 condicione3
511 1284 567 1348 sed
602 1285 695 1349 facile
733 1285 848 1369 patior.
900 1283 1203 1350 Accommodatius

165 1371 251 1434 enim
273 1373 370 1436 nobis
395 1376 444 1437 est
475 1373 516 1436 ad
544 1372 681 1437 liberam
710 1372 909 1458 legationem
934 1377 1064 1457 tempus
1096 1373 1202 1456 illud,

165 1481 238 1523 cum
261 1465 294 1525 et
312 1460 452 1537 Quintus
475 1465 588 1526 noster
610 1461 684 1545 iarn,
708 1465 745 1525 ut
769 1483 945 1546 speramus,
967 1462 1003 1525 in
1022 1461 1091 1526 otio
1117 1483 1201 1526 oon-

166 1549 294 1635 sederit,
316 1552 362 1633 et,
385 1549 449 1615 iste
473 1549 620 1613 sacerdos
643 1549 753 1614 Bonae
776 1550 852 1615 deae
875 1549 1078 1614 cuiusmodi
1101 1550 1241 1614 futu-1⁵

165 1659 221 1701 rus
240 1638 293 1722 sit,
317 1638 491 1702 scierimus.
528 1637 655 1702 Interea
680 1639 809 1722 quidem
832 1659 905 1702 cum
924 1637 1028 1702 Musis
1050 1659 1114 1702 nos
1139 1639 1197 1702 de-

164 1725 356 1790 lectabimus
387 1727 495 1791 animo
526 1748 643 1812 aequo,
675 1727 773 1790 immo
797 1748 872 1791 vero
903 1726 1002 1791 etiam
1031 1726 1197 1812 gaudenti
1279 1756 1280 1767 ι

165 1835 202 1878 ac
232 1814 363 1900 libenti,
398 1836 502 1898 neque
534 1814 615 1878 mihi
652 1837 807 1898 umquam
839 1814 946 1879 veniet
978 1815 1013 1877 in
1044 1819 1195 1879 mentem

165 1900 283 1966 (lrasso
307 1903 449 1968 invidere
472 1923 576 1985 neque
599 1903 778 1988 paenitere,
802 1902 888 1986 quod
912 1925 930 1966 a
953 1924 1004 1966 me
1027 1903 1099 1986 ipse
1122 1924 1195 1968 non
1279 1929 1280 1932 ¹

164 1990 360 2055 desciverim.
1208 2016 1236 2055 ao

129 2097 145 2144 3
232 2076 281 2141 De
305 2078 503 2162 geographia
533 2078 615 2142 dabo
647 2101 778 2162 operam
800 2082 838 2142 ut
866 2079 927 2142 tibi
952 2079 1032 2142 satis
1056 2079 1192 2164 faciam,
1279 2156 1280 2167 ἵ

166 2165 221 2229 sed
239 2165 323 2229 nihil
342 2167 421 2229 certi
439 2167 602 2249 polliceor.
639 2166 796 2252 Magnum
815 2189 897 2250 opus
917 2171 975 2252 est,
994 2166 1050 2230 sed
1069 2172 1192 2250 tamen,

165 2256 203 2317 ut
225 2253 328 2340 iubes,
351 2254 479 2338 curabo,
502 2258 540 2318 ut
562 2254 659 2318 huius
678 2255 949 2340 peregrinationis
974 2255 1107 2338 aliquod
1126 2256 1191 2319 tibi

129 2361 147 2408 4
168 2363 249 2424 opus
273 2345 386 2406 exstet.
433 2342 482 2406 Tu
507 2342 660 2426 quicquid
683 2343 847 2428 indagaris
871 2343 908 2406 de
931 2365 966 2408 re
989 2343 1132 2430 publica,
1156 2349 1192 2407 et
1279 2308 1280 2375 l

165 2430 304 2493 maxime
328 2452 410 2513 quos
434 2431 582 2494 consules
605 2431 734 2496 futuros
757 2437 867 2515 putes,
893 2431 992 2496 facito
1016 2435 1054 2494 ut
1078 2433 1189 2496 sciam.
1206 2455 1232 2496 as

165 2517 310 2582 Tametsi
327 2519 434 2582 minus
455 2541 528 2582 sum
546 2519 705 2605 curiosum
730 2521 830 2583 statui
849 2520 935 2584 enim
956 2519 1041 2582 nihil
1063 2520 1129 2583 iam
1150 2521 1190 2584 de

130 2624 199 2671 are
230 2605 360 2690 publica
391 2607 542 2692 cogitare.
597 2607 765 2672 Terentiae
798 2607 917 2671 saltum
953 2609 1188 2691 perspeximus.

166 2693 249 2770 Quid
273 2695 422 2777 quaeris?
445 2699 573 2778 praeter
592 2718 745 2780 quercum
767 2695 976 2761 Dodonaeam
997 2696 1083 2760 nihil
1106 2696 1189 2761 desi·

166 2781 324 2867 deramus,
343 2804 407 2865 quo
426 2784 533 2847 minus
552 2783 690 2866 Epirum
708 2785 814 2867 ipsam
832 2783 997 2867 possidere
1011 2783 1186 2849 videamur.

131 2890 146 2937 o
165 2867 235 2934 Nos
259 2870 385 2934 circiter
404 2870 475 2934 Kal.
496 2875 552 2934 aut
570 2872 606 2934 in
623 2870 796 2937 Formiano
820 2872 939 2936 erimus
959 2875 1015 2936 aut
1037 2871 1074 2936 in
1091 2872 1187 2938 Pom·
1201 2898 1228 2940 ao

165 2959 288 3041 poiano
326 2957 385 3043 Tu,
408 2959 436 3022 si
460 2960 494 3022 in
512 2958 686 3024 Formiano
708 2981 776 3024 non
799 2960 928 3044 erimus,
952 2959 980 3023 si
1001 2980 1062 3024 nos
1087 2983 1187 3046 amas,

164 3047 199 3108 in
216 3045 452 3129 Pompeianum
475 3047 592 3111 venito.
628 3046 667 3111 Id
691 3053 723 3112 et
745 3048 841 3112 nobis
866 3049 928 3112 erit
950 3048 1187 3131 periucundum

130 3138 197 3201 vet
226 3135 289 3197 tibi
319 3155 388 3199 non
417 3156 494 3199 sane
521 3134 656 3198 derium.
703 3134 752 3199 De
775 3157 869 3200 muro
898 3137 1054 3220 imperavi
1077 3135 1186 3202 Philo-

164 3221 246 3287 timo
264 3244 305 3287 ne
323 3223 503 3308 impediret,
527 3244 591 3306 quo
610 3223 717 3287 minua
737 3224 771 3287 id
788 3224 889 3307 fieret,
914 3224 1000 3308 quod
1018 3224 1082 3288 tibi
1101 3226 1186 3290 vide-

163 3313 261 3375 retur.
307 3309 357 3374 Tu
381 3333 494 3375 censeo
518 3315 627 3376 tamen
650 3311 802 3376 adhibeas
822 3311 978 3376 Vettium.
1020 3311 1082 3376 His
1106 3317 1186 3378 temw
1199 3338 1223 3380 ar
1277 3395 1278 3398 Ἴ

163 3400 297 3482 poribus
321 3403 390 3464 tam
409 3400 506 3464 dubia
524 3401 593 3464 vita
612 3399 727 3482 optimi
745 3399 900 3483 cuiusque
918 3400 1028 3485 magni
1048 3402 1184 3466 aestimo

162 3488 259 3551 unius
294 3488 427 3552 aestatis
459 3488 600 3552 fructum
632 3487 810 3571 palaestrae
838 3485 1018 3574 Palatinae,
1051 3489 1108 3553 sad
1138 3489 1185 3554 ita
