<?xml version="1.0" encoding="UTF-8"?>
<!DOCTYPE html PUBLIC "-//W3C//DTD XHTML 1.0 Transitional//EN"
    "http://www.w3.org/TR/xhtml1/DTD/xhtml1-transitional.dtd">
<html xmlns="http://www.w3.org/1999/xhtml" xml:lang="en" lang="en">
 <head>
  <title>
</title>
<meta http-equiv="Content-Type" content="text/html;charset=utf-8" />
  <meta name='ocr-system' content='tesseract 3.04.00' />
  <meta name='ocr-capabilities' content='ocr_page ocr_carea ocr_par ocr_line ocrx_word'/>
</head>
<body>
  <div class='ocr_page' id='page_1' title='image "./scriptaquaemans00mullgoog_0453.png"; bbox 0 0 2578 3886; ppageno 0'>
   <div class='ocr_carea' id='block_1_1' title="bbox 167 141 861 208">
    <p class='ocr_par' dir='ltr' id='par_1_1' title="bbox 167 141 861 208">
     <span class='ocr_line' id='line_1_1' title="bbox 167 141 861 208; baseline -0.016 -2"><span class='ocrx_word' id='word_1_1' title='bbox 167 143 235 208; x_wconf 82' lang='grc'><strong>290</strong></span> <span class='ocrx_word' id='word_1_2' title='bbox 491 141 528 196; x_wconf 90' lang='lat' dir='ltr'><strong>M.</strong></span> <span class='ocrx_word' id='word_1_3' title='bbox 544 141 652 196; x_wconf 80' lang='lat' dir='ltr'>TULLI</span> <span class='ocrx_word' id='word_1_4' title='bbox 671 142 861 196; x_wconf 81' lang='lat' dir='ltr'>CICERONIS</span> 
     </span>
    </p>
   </div>
   <div class='ocr_carea' id='block_1_2' title="bbox 373 336 983 510">
    <p class='ocr_par' dir='ltr' id='par_1_2' title="bbox 373 336 983 510">
     <span class='ocr_line' id='line_1_2' title="bbox 631 336 717 401; baseline -0.012 0"><span class='ocrx_word' id='word_1_5' title='bbox 631 336 717 401; x_wconf 86' lang='lat' dir='ltr'>XIX.</span> 
     </span>
     <span class='ocr_line' id='line_1_3' title="bbox 373 441 983 510; baseline -0.002 -13"><span class='ocrx_word' id='word_1_6' title='bbox 373 442 551 510; x_wconf 70' lang='grc'>8111111111</span> <span class='ocrx_word' id='word_1_7' title='bbox 566 441 641 510; x_wconf 75' lang='lat' dir='ltr'><strong>prid.</strong></span> <span class='ocrx_word' id='word_1_8' title='bbox 658 441 694 494; x_wconf 90' lang='lat' dir='ltr'><strong>K.</strong></span> <span class='ocrx_word' id='word_1_9' title='bbox 710 441 780 508; x_wconf 82' lang='lat' dir='ltr'><strong>Apr.</strong></span> <span class='ocrx_word' id='word_1_10' title='bbox 796 459 822 496; x_wconf 87' lang='lat' dir='ltr'><strong>a.</strong></span> <span class='ocrx_word' id='word_1_11' title='bbox 838 443 893 495; x_wconf 83' lang='lat'><strong>705</strong></span> <span class='ocrx_word' id='word_1_12' title='bbox 914 444 983 510; x_wconf 76' lang='lat'><em>(49).</em></span> 
     </span>
    </p>
   </div>
   <div class='ocr_carea' id='block_1_3' title="bbox 472 545 884 601">
    <p class='ocr_par' dir='ltr' id='par_1_3' title="bbox 472 545 884 601">
     <span class='ocr_line' id='line_1_4' title="bbox 472 545 884 601; baseline 0 -1"><span class='ocrx_word' id='word_1_13' title='bbox 472 546 618 601; x_wconf 74' lang='lat' dir='ltr'><strong><em>CICERO</em></strong></span> <span class='ocrx_word' id='word_1_14' title='bbox 636 545 782 600; x_wconf 84' lang='lat' dir='ltr'><strong><em>ATTICO</em></strong></span> <span class='ocrx_word' id='word_1_15' title='bbox 802 547 884 600; x_wconf 73' lang='lat' dir='ltr'><strong><em>SAL.</em></strong></span> 
     </span>
    </p>
   </div>
   <div class='ocr_carea' id='block_1_4' title="bbox 132 635 1284 3538">
    <p class='ocr_par' dir='ltr' id='par_1_4' title="bbox 132 635 1283 1867">
     <span class='ocr_line' id='line_1_5' title="bbox 132 635 1195 723; baseline -0.001 -20"><span class='ocrx_word' id='word_1_16' title='bbox 132 656 146 704; x_wconf 89' lang='lat'>1</span> <span class='ocrx_word' id='word_1_17' title='bbox 234 639 307 723; x_wconf 83' lang='lat' dir='ltr'><strong>Ego</strong></span> <span class='ocrx_word' id='word_1_18' title='bbox 338 635 595 719; x_wconf 72' lang='grc'>11111011111111,</span> <span class='ocrx_word' id='word_1_19' title='bbox 628 637 781 720; x_wconf 90' lang='lat' dir='ltr'><strong>quoniam</strong></span> <span class='ocrx_word' id='word_1_20' title='bbox 804 636 910 700; x_wconf 87' lang='lat' dir='ltr'><strong>Roma</strong></span> <span class='ocrx_word' id='word_1_21' title='bbox 938 659 1097 716; x_wconf 82' lang='grc'>1111111111,</span> <span class='ocrx_word' id='word_1_22' title='bbox 1129 637 1195 702; x_wconf 84' lang='lat' dir='ltr'><strong>Ar-</strong></span> 
     </span>
     <span class='ocr_line' id='line_1_6' title="bbox 167 724 1283 810; baseline 0.001 -20"><span class='ocrx_word' id='word_1_23' title='bbox 167 727 237 810; x_wconf 89' lang='lat' dir='ltr'><strong>pini</strong></span> <span class='ocrx_word' id='word_1_24' title='bbox 269 726 475 809; x_wconf 89' lang='lat' dir='ltr'><strong>potissimum</strong></span> <span class='ocrx_word' id='word_1_25' title='bbox 507 728 618 808; x_wconf 82' lang='lat' dir='ltr'><strong>togam</strong></span> <span class='ocrx_word' id='word_1_26' title='bbox 641 747 757 808; x_wconf 90' lang='lat' dir='ltr'><strong>puram</strong></span> <span class='ocrx_word' id='word_1_27' title='bbox 780 724 866 810; x_wconf 86' lang='lat' dir='ltr'><strong>dedi,</strong></span> <span class='ocrx_word' id='word_1_28' title='bbox 898 726 994 809; x_wconf 88' lang='lat' dir='ltr'><strong>idque</strong></span> <span class='ocrx_word' id='word_1_29' title='bbox 1017 727 1193 809; x_wconf 84' lang='lat' dir='ltr'><strong>municipi·</strong></span> <span class='ocrx_word' id='word_1_30' title='bbox 1224 753 1236 792; x_wconf 81' lang='grc'><strong>1</strong></span> <span class='ocrx_word' id='word_1_31' title='bbox 1282 737 1283 744; x_wconf 76' lang='grc'>’</span> 
     </span>
     <span class='ocr_line' id='line_1_7' title="bbox 167 813 1194 898; baseline 0 -20"><span class='ocrx_word' id='word_1_32' title='bbox 167 815 229 878; x_wconf 84' lang='lat' dir='ltr'><strong>bus</strong></span> <span class='ocrx_word' id='word_1_33' title='bbox 252 815 374 878; x_wconf 90' lang='lat' dir='ltr'><strong>nostris</strong></span> <span class='ocrx_word' id='word_1_34' title='bbox 398 814 461 877; x_wconf 87' lang='lat' dir='ltr'><strong>fuit</strong></span> <span class='ocrx_word' id='word_1_35' title='bbox 485 815 621 896; x_wconf 87' lang='lat' dir='ltr'><strong>gratum.</strong></span> <span class='ocrx_word' id='word_1_36' title='bbox 668 813 742 876; x_wconf 84' lang='lat' dir='ltr'><strong>Etsi</strong></span> <span class='ocrx_word' id='word_1_37' title='bbox 766 835 875 877; x_wconf 90' lang='lat' dir='ltr'><strong>omnes</strong></span> <span class='ocrx_word' id='word_1_38' title='bbox 899 814 1043 898; x_wconf 79' lang='lat' dir='ltr'><strong>stilles,</strong></span> <span class='ocrx_word' id='word_1_39' title='bbox 1072 818 1104 877; x_wconf 88' lang='grc'><strong>11</strong></span> <span class='ocrx_word' id='word_1_40' title='bbox 1125 837 1194 898; x_wconf 83' lang='lat' dir='ltr'><strong>qua</strong></span> 
     </span>
     <span class='ocr_line' id='line_1_8' title="bbox 167 900 1193 985; baseline 0 -19"><span class='ocrx_word' id='word_1_41' title='bbox 167 904 230 966; x_wconf 89' lang='lat' dir='ltr'><strong>iter</strong></span> <span class='ocrx_word' id='word_1_42' title='bbox 261 902 336 985; x_wconf 85' lang='lat' dir='ltr'><strong>feei,</strong></span> <span class='ocrx_word' id='word_1_43' title='bbox 368 905 508 965; x_wconf 87' lang='lat' dir='ltr'><strong>maestos</strong></span> <span class='ocrx_word' id='word_1_44' title='bbox 541 900 750 984; x_wconf 83' lang='lat' dir='ltr'><strong>adflictosque</strong></span> <span class='ocrx_word' id='word_1_45' title='bbox 781 901 856 965; x_wconf 87' lang='lat' dir='ltr'><strong>vidi.</strong></span> <span class='ocrx_word' id='word_1_46' title='bbox 907 901 988 966; x_wconf 79' lang='lat' dir='ltr'><strong>Tam</strong></span> <span class='ocrx_word' id='word_1_47' title='bbox 1019 902 1127 966; x_wconf 83' lang='lat' dir='ltr'><strong>tristis</strong></span> <span class='ocrx_word' id='word_1_48' title='bbox 1159 906 1193 966; x_wconf 91' lang='grc'><strong>11</strong></span> 
     </span>
     <span class='ocr_line' id='line_1_9' title="bbox 169 988 1192 1074; baseline 0 -20"><span class='ocrx_word' id='word_1_49' title='bbox 169 995 236 1054; x_wconf 89' lang='lat' dir='ltr'><strong>tam</strong></span> <span class='ocrx_word' id='word_1_50' title='bbox 260 994 355 1053; x_wconf 84' lang='lat' dir='ltr'><strong>atrox</strong></span> <span class='ocrx_word' id='word_1_51' title='bbox 379 993 428 1052; x_wconf 91' lang='lat' dir='ltr'><strong>est</strong></span> <span class='ocrx_word' id='word_1_52' title='bbox 452 988 683 1074; x_wconf 78' lang='grc' dir='ltr'><em>ἀναθεώρησις</em></span> <span class='ocrx_word' id='word_1_53' title='bbox 705 988 803 1052; x_wconf 91' lang='lat' dir='ltr'><strong>huius</strong></span> <span class='ocrx_word' id='word_1_54' title='bbox 827 989 968 1074; x_wconf 78' lang='lat' dir='ltr'><strong>ingentis</strong></span> <span class='ocrx_word' id='word_1_55' title='bbox 992 991 1080 1054; x_wconf 87' lang='lat' dir='ltr'><strong>mali.</strong></span> <span class='ocrx_word' id='word_1_56' title='bbox 1132 989 1192 1054; x_wconf 90' lang='lat' dir='ltr'><strong>Di-</strong></span> 
     </span>
     <span class='ocr_line' id='line_1_10' title="bbox 168 1076 1192 1162; baseline 0.001 -21"><span class='ocrx_word' id='word_1_57' title='bbox 168 1079 271 1142; x_wconf 86' lang='lat' dir='ltr'><strong>lectus</strong></span> <span class='ocrx_word' id='word_1_58' title='bbox 303 1077 477 1158; x_wconf 76' lang='lat' dir='ltr'>habentur,</span> <span class='ocrx_word' id='word_1_59' title='bbox 511 1076 546 1140; x_wconf 91' lang='lat' dir='ltr'><strong>in</strong></span> <span class='ocrx_word' id='word_1_60' title='bbox 576 1077 713 1140; x_wconf 85' lang='lat' dir='ltr'><strong>hiberna</strong></span> <span class='ocrx_word' id='word_1_61' title='bbox 744 1077 953 1142; x_wconf 88' lang='lat' dir='ltr'><strong>deducuntur.</strong></span> <span class='ocrx_word' id='word_1_62' title='bbox 1000 1077 1062 1162; x_wconf 81' lang='lat' dir='ltr'><strong>Ea,</strong></span> <span class='ocrx_word' id='word_1_63' title='bbox 1097 1101 1192 1162; x_wconf 81' lang='lat' dir='ltr'><strong>quae,</strong></span> 
     </span>
     <span class='ocr_line' id='line_1_11' title="bbox 169 1164 1238 1250; baseline 0.003 -21"><span class='ocrx_word' id='word_1_64' title='bbox 169 1165 266 1229; x_wconf 89' lang='lat' dir='ltr'><strong>etiam</strong></span> <span class='ocrx_word' id='word_1_65' title='bbox 290 1187 362 1228; x_wconf 92' lang='lat' dir='ltr'><strong>cum</strong></span> <span class='ocrx_word' id='word_1_66' title='bbox 386 1187 404 1229; x_wconf 87' lang='grc'><strong>1</strong></span> <span class='ocrx_word' id='word_1_67' title='bbox 427 1164 521 1229; x_wconf 90' lang='lat' dir='ltr'><strong>bonis</strong></span> <span class='ocrx_word' id='word_1_68' title='bbox 545 1165 633 1249; x_wconf 78' lang='grc'>11111,</span> <span class='ocrx_word' id='word_1_69' title='bbox 656 1186 729 1228; x_wconf 88' lang='lat' dir='ltr'><strong>cum</strong></span> <span class='ocrx_word' id='word_1_70' title='bbox 747 1165 834 1229; x_wconf 88' lang='lat' dir='ltr'><strong>iusto</strong></span> <span class='ocrx_word' id='word_1_71' title='bbox 853 1166 888 1229; x_wconf 93' lang='lat' dir='ltr'><strong>in</strong></span> <span class='ocrx_word' id='word_1_72' title='bbox 906 1166 1002 1250; x_wconf 83' lang='lat' dir='ltr'><strong>bello,</strong></span> <span class='ocrx_word' id='word_1_73' title='bbox 1026 1188 1101 1230; x_wconf 90' lang='lat' dir='ltr'><strong>cum</strong></span> <span class='ocrx_word' id='word_1_74' title='bbox 1119 1189 1238 1232; x_wconf 89' lang='lat' dir='ltr'><strong>mo-1o</strong></span> 
     </span>
     <span class='ocr_line' id='line_1_12' title="bbox 169 1252 1189 1338; baseline 0.002 -22"><span class='ocrx_word' id='word_1_75' title='bbox 169 1254 257 1317; x_wconf 90' lang='lat' dir='ltr'><strong>deste</strong></span> <span class='ocrx_word' id='word_1_76' title='bbox 283 1254 380 1338; x_wconf 86' lang='lat' dir='ltr'><strong>fiunt,</strong></span> <span class='ocrx_word' id='word_1_77' title='bbox 412 1256 522 1317; x_wconf 84' lang='lat' dir='ltr'><strong>tamen</strong></span> <span class='ocrx_word' id='word_1_78' title='bbox 548 1252 619 1335; x_wconf 86' lang='lat' dir='ltr'><strong>ipsa</strong></span> <span class='ocrx_word' id='word_1_79' title='bbox 648 1275 705 1336; x_wconf 89' lang='lat' dir='ltr'><strong>per</strong></span> <span class='ocrx_word' id='word_1_80' title='bbox 733 1275 767 1317; x_wconf 84' lang='lat' dir='ltr'><strong>se</strong></span> <span class='ocrx_word' id='word_1_81' title='bbox 795 1253 933 1318; x_wconf 89' lang='lat' dir='ltr'><strong>molesta</strong></span> <span class='ocrx_word' id='word_1_82' title='bbox 965 1257 1055 1338; x_wconf 84' lang='lat' dir='ltr'><strong>sunt,</strong></span> <span class='ocrx_word' id='word_1_83' title='bbox 1089 1276 1189 1337; x_wconf 92' lang='lat' dir='ltr'><strong>quam</strong></span> 
     </span>
     <span class='ocr_line' id='line_1_13' title="bbox 170 1341 1191 1425; baseline 0.003 -21"><span class='ocrx_word' id='word_1_84' title='bbox 170 1363 278 1405; x_wconf 80' lang='lat' dir='ltr'>censes</span> <span class='ocrx_word' id='word_1_85' title='bbox 308 1342 423 1405; x_wconf 87' lang='lat' dir='ltr'><strong>acerba</strong></span> <span class='ocrx_word' id='word_1_86' title='bbox 450 1362 536 1406; x_wconf 89' lang='lat' dir='ltr'><strong>nuno</strong></span> <span class='ocrx_word' id='word_1_87' title='bbox 559 1362 641 1425; x_wconf 86' lang='lat' dir='ltr'><strong>esse,</strong></span> <span class='ocrx_word' id='word_1_88' title='bbox 669 1362 742 1405; x_wconf 88' lang='lat' dir='ltr'><strong>cum</strong></span> <span class='ocrx_word' id='word_1_89' title='bbox 767 1364 785 1404; x_wconf 94' lang='lat' dir='ltr'><strong>a</strong></span> <span class='ocrx_word' id='word_1_90' title='bbox 808 1341 942 1425; x_wconf 76' lang='lat' dir='ltr'><strong>perditis</strong></span> <span class='ocrx_word' id='word_1_91' title='bbox 966 1341 1002 1404; x_wconf 92' lang='lat' dir='ltr'><strong>in</strong></span> <span class='ocrx_word' id='word_1_92' title='bbox 1024 1343 1112 1406; x_wconf 88' lang='lat' dir='ltr'><strong>civili</strong></span> <span class='ocrx_word' id='word_1_93' title='bbox 1134 1365 1191 1408; x_wconf 83' lang='lat' dir='ltr'><strong>ne</strong></span> 
     </span>
     <span class='ocr_line' id='line_1_14' title="bbox 169 1427 1190 1514; baseline 0.002 -22"><span class='ocrx_word' id='word_1_94' title='bbox 169 1430 251 1493; x_wconf 85' lang='lat' dir='ltr'><strong>fario</strong></span> <span class='ocrx_word' id='word_1_95' title='bbox 283 1430 370 1494; x_wconf 90' lang='lat' dir='ltr'><strong>bello</strong></span> <span class='ocrx_word' id='word_1_96' title='bbox 402 1429 662 1513; x_wconf 73' lang='lat' dir='ltr'><strong>petulantissime</strong></span> <span class='ocrx_word' id='word_1_97' title='bbox 693 1430 788 1493; x_wconf 89' lang='lat' dir='ltr'><strong>fiant!</strong></span> <span class='ocrx_word' id='word_1_98' title='bbox 835 1427 920 1494; x_wconf 76' lang='lat' dir='ltr'><strong>Oave</strong></span> <span class='ocrx_word' id='word_1_99' title='bbox 952 1434 1057 1494; x_wconf 82' lang='lat' dir='ltr'><strong>autem</strong></span> <span class='ocrx_word' id='word_1_100' title='bbox 1093 1435 1190 1514; x_wconf 90' lang='lat' dir='ltr'><strong>putes</strong></span> 
     </span>
     <span class='ocr_line' id='line_1_15' title="bbox 170 1515 1192 1602; baseline 0.001 -21"><span class='ocrx_word' id='word_1_101' title='bbox 170 1540 364 1602; x_wconf 85' lang='lat' dir='ltr'><strong>quemquam</strong></span> <span class='ocrx_word' id='word_1_102' title='bbox 390 1517 555 1581; x_wconf 90' lang='lat' dir='ltr'><strong>hominem</strong></span> <span class='ocrx_word' id='word_1_103' title='bbox 582 1517 617 1580; x_wconf 91' lang='lat' dir='ltr'><strong>in</strong></span> <span class='ocrx_word' id='word_1_104' title='bbox 643 1515 739 1580; x_wconf 86' lang='lat' dir='ltr'><strong>Italia</strong></span> <span class='ocrx_word' id='word_1_105' title='bbox 762 1521 890 1600; x_wconf 78' lang='lat' dir='ltr'><strong>turpem</strong></span> <span class='ocrx_word' id='word_1_106' title='bbox 915 1539 999 1602; x_wconf 82' lang='lat' dir='ltr'><strong>esse,</strong></span> <span class='ocrx_word' id='word_1_107' title='bbox 1033 1519 1089 1601; x_wconf 91' lang='lat' dir='ltr'><strong>qui</strong></span> <span class='ocrx_word' id='word_1_108' title='bbox 1111 1518 1192 1583; x_wconf 89' lang='lat' dir='ltr'><strong>hino</strong></span> 
     </span>
     <span class='ocr_line' id='line_1_16' title="bbox 170 1603 1235 1689; baseline 0.003 -19"><span class='ocrx_word' id='word_1_109' title='bbox 170 1607 263 1670; x_wconf 84' lang='lat' dir='ltr'><strong>absit.</strong></span> <span class='ocrx_word' id='word_1_110' title='bbox 309 1604 386 1670; x_wconf 89' lang='lat' dir='ltr'><strong>Vidi</strong></span> <span class='ocrx_word' id='word_1_111' title='bbox 414 1605 483 1689; x_wconf 84' lang='lat' dir='ltr'><strong>ipse</strong></span> <span class='ocrx_word' id='word_1_112' title='bbox 510 1603 649 1669; x_wconf 80' lang='lat' dir='ltr'><strong>Formiis</strong></span> <span class='ocrx_word' id='word_1_113' title='bbox 677 1606 845 1669; x_wconf 87' lang='lat' dir='ltr'><strong>universos</strong></span> <span class='ocrx_word' id='word_1_114' title='bbox 872 1627 976 1689; x_wconf 89' lang='lat' dir='ltr'><strong>neque</strong></span> <span class='ocrx_word' id='word_1_115' title='bbox 1006 1607 1191 1672; x_wconf 80' lang='lat' dir='ltr'><strong>mehercule</strong></span> <span class='ocrx_word' id='word_1_116' title='bbox 1208 1634 1235 1673; x_wconf 86' lang='lat'><strong>15</strong></span> 
     </span>
     <span class='ocr_line' id='line_1_17' title="bbox 169 1694 1192 1779; baseline 0 -21"><span class='ocrx_word' id='word_1_117' title='bbox 169 1717 323 1779; x_wconf 90' lang='lat' dir='ltr'><strong>umquam</strong></span> <span class='ocrx_word' id='word_1_118' title='bbox 352 1694 500 1757; x_wconf 89' lang='lat' dir='ltr'><strong>homines</strong></span> <span class='ocrx_word' id='word_1_119' title='bbox 528 1694 641 1776; x_wconf 85' lang='lat' dir='ltr'><strong>putavi</strong></span> <span class='ocrx_word' id='word_1_120' title='bbox 673 1697 989 1779; x_wconf 85' lang='grc'>11111111111111111,</span> <span class='ocrx_word' id='word_1_121' title='bbox 1019 1694 1192 1759; x_wconf 90' lang='lat' dir='ltr'><strong>sednum-</strong></span> 
     </span>
     <span class='ocr_line' id='line_1_18' title="bbox 171 1781 625 1867; baseline -0.009 -20"><span class='ocrx_word' id='word_1_122' title='bbox 171 1805 267 1867; x_wconf 83' lang='lat' dir='ltr'><strong>quam</strong></span> <span class='ocrx_word' id='word_1_123' title='bbox 291 1803 355 1846; x_wconf 90' lang='lat' dir='ltr'><strong>uno</strong></span> <span class='ocrx_word' id='word_1_124' title='bbox 379 1782 450 1845; x_wconf 93' lang='lat' dir='ltr'><strong>loco</strong></span> <span class='ocrx_word' id='word_1_125' title='bbox 474 1781 625 1844; x_wconf 87' lang='lat' dir='ltr'><strong>videram</strong></span> 
     </span>
    </p>

    <p class='ocr_par' dir='ltr' id='par_1_5' title="bbox 135 1868 1284 3538">
     <span class='ocr_line' id='line_1_19' title="bbox 135 1868 1192 1954; baseline -0.005 -16"><span class='ocrx_word' id='word_1_126' title='bbox 135 1891 150 1938; x_wconf 77' lang='lat'><strong>2</strong></span> <span class='ocrx_word' id='word_1_127' title='bbox 236 1869 449 1954; x_wconf 84' lang='lat' dir='ltr'><strong>Pergamus</strong></span> <span class='ocrx_word' id='word_1_128' title='bbox 440 1870 502 1952; x_wconf 79' lang='lat' dir='ltr'><strong>1git</strong></span> <span class='ocrx_word' id='word_1_129' title='bbox 503 1892 556 1953; x_wconf 75' lang='lat' dir='ltr'><strong>ur,</strong></span> <span class='ocrx_word' id='word_1_130' title='bbox 584 1891 648 1953; x_wconf 91' lang='lat' dir='ltr'><strong>quc</strong></span> <span class='ocrx_word' id='word_1_131' title='bbox 671 1868 835 1952; x_wconf 65' lang='lat' dir='ltr'><strong>placete</strong></span> <span class='ocrx_word' id='word_1_132' title='bbox 836 1874 986 1933; x_wconf 87' lang='lat' dir='ltr'><strong>tnostra</strong></span> <span class='ocrx_word' id='word_1_133' title='bbox 1010 1871 1118 1933; x_wconf 90' lang='lat' dir='ltr'><strong>omnia</strong></span> <span class='ocrx_word' id='word_1_134' title='bbox 1141 1893 1192 1934; x_wconf 75' lang='lat' dir='ltr'><strong>re</strong></span> 
     </span>
     <span class='ocr_line' id='line_1_20' title="bbox 170 1956 1191 2042; baseline 0.001 -21"><span class='ocrx_word' id='word_1_135' title='bbox 170 1959 368 2042; x_wconf 82' lang='lat' dir='ltr'><strong>linquamus,</strong></span> <span class='ocrx_word' id='word_1_136' title='bbox 396 1957 636 2040; x_wconf 85' lang='lat' dir='ltr'><strong>proficiscamur</strong></span> <span class='ocrx_word' id='word_1_137' title='bbox 664 1957 704 2019; x_wconf 89' lang='lat' dir='ltr'><strong>ad</strong></span> <span class='ocrx_word' id='word_1_138' title='bbox 731 1978 817 2041; x_wconf 85' lang='lat' dir='ltr'><strong>eum,</strong></span> <span class='ocrx_word' id='word_1_139' title='bbox 846 1957 898 2020; x_wconf 89' lang='lat' dir='ltr'><strong>oui</strong></span> <span class='ocrx_word' id='word_1_140' title='bbox 926 1956 1049 2040; x_wconf 83' lang='lat' dir='ltr'><strong>gratior</strong></span> <span class='ocrx_word' id='word_1_141' title='bbox 1077 1962 1191 2022; x_wconf 89' lang='lat' dir='ltr'><strong>noster</strong></span> 
     </span>
     <span class='ocr_line' id='line_1_21' title="bbox 172 2043 1234 2144; baseline 0.003 -35"><span class='ocrx_word' id='word_1_142' title='bbox 172 2047 326 2110; x_wconf 86' lang='lat' dir='ltr'><strong>adventus</strong></span> <span class='ocrx_word' id='word_1_143' title='bbox 359 2045 433 2128; x_wconf 83' lang='lat' dir='ltr'><strong>erit,</strong></span> <span class='ocrx_word' id='word_1_144' title='bbox 471 2067 568 2144; x_wconf 92' lang='lat' dir='ltr'><strong>quam</strong></span> <span class='ocrx_word' id='word_1_145' title='bbox 601 2043 629 2107; x_wconf 89' lang='lat' dir='ltr'><strong>si</strong></span> <span class='ocrx_word' id='word_1_146' title='bbox 660 2066 725 2107; x_wconf 85' lang='lat' dir='ltr'><strong>una</strong></span> <span class='ocrx_word' id='word_1_147' title='bbox 754 2045 935 2109; x_wconf 84' lang='lat' dir='ltr'><strong>fuissemus</strong></span> <span class='ocrx_word' id='word_1_148' title='bbox 986 2045 1070 2109; x_wconf 79' lang='lat' dir='ltr'><strong>Tum</strong></span> <span class='ocrx_word' id='word_1_149' title='bbox 1103 2047 1191 2110; x_wconf 91' lang='lat' dir='ltr'><strong>enim</strong></span> <span class='ocrx_word' id='word_1_150' title='bbox 1206 2075 1234 2112; x_wconf 79' lang='grc'><strong>11</strong></span> 
     </span>
     <span class='ocr_line' id='line_1_22' title="bbox 172 2132 1191 2220; baseline 0.001 -24"><span class='ocrx_word' id='word_1_151' title='bbox 172 2155 297 2198; x_wconf 87' lang='lat' dir='ltr'><strong>eramus</strong></span> <span class='ocrx_word' id='word_1_152' title='bbox 329 2134 365 2197; x_wconf 89' lang='lat' dir='ltr'><strong>in</strong></span> <span class='ocrx_word' id='word_1_153' title='bbox 392 2133 533 2196; x_wconf 85' lang='lat' dir='ltr'><strong>maxima</strong></span> <span class='ocrx_word' id='word_1_154' title='bbox 561 2154 630 2215; x_wconf 78' lang='lat' dir='ltr'><strong>spe,</strong></span> <span class='ocrx_word' id='word_1_155' title='bbox 662 2153 748 2195; x_wconf 86' lang='lat' dir='ltr'><strong>nunc</strong></span> <span class='ocrx_word' id='word_1_156' title='bbox 777 2153 836 2216; x_wconf 83' lang='lat' dir='ltr'><strong>ego</strong></span> <span class='ocrx_word' id='word_1_157' title='bbox 867 2132 1032 2217; x_wconf 88' lang='lat' dir='ltr'><strong>quidem</strong></span> <span class='ocrx_word' id='word_1_158' title='bbox 1023 2156 1058 2197; x_wconf 90' lang='lat' dir='ltr'><strong>m</strong></span> <span class='ocrx_word' id='word_1_159' title='bbox 1084 2134 1191 2220; x_wconf 82' lang='lat' dir='ltr'><strong>nulla3</strong></span> 
     </span>
     <span class='ocr_line' id='line_1_23' title="bbox 171 2219 1192 2306; baseline 0.002 -22"><span class='ocrx_word' id='word_1_160' title='bbox 171 2242 229 2285; x_wconf 89' lang='lat' dir='ltr'><strong>nec</strong></span> <span class='ocrx_word' id='word_1_161' title='bbox 259 2224 386 2304; x_wconf 85' lang='lat' dir='ltr'><strong>praeter</strong></span> <span class='ocrx_word' id='word_1_162' title='bbox 408 2241 460 2284; x_wconf 92' lang='lat' dir='ltr'><strong>me</strong></span> <span class='ocrx_word' id='word_1_163' title='bbox 484 2220 657 2304; x_wconf 87' lang='lat' dir='ltr'><strong>quisquam</strong></span> <span class='ocrx_word' id='word_1_164' title='bbox 679 2219 775 2284; x_wconf 89' lang='lat' dir='ltr'><strong>Italia</strong></span> <span class='ocrx_word' id='word_1_165' title='bbox 798 2222 908 2306; x_wconf 82' lang='lat' dir='ltr'><strong>cessit,</strong></span> <span class='ocrx_word' id='word_1_166' title='bbox 934 2222 1000 2285; x_wconf 89' lang='lat' dir='ltr'><strong>nisi</strong></span> <span class='ocrx_word' id='word_1_167' title='bbox 1024 2222 1081 2305; x_wconf 90' lang='lat' dir='ltr'><strong>qui</strong></span> <span class='ocrx_word' id='word_1_168' title='bbox 1103 2221 1192 2286; x_wconf 87' lang='lat' dir='ltr'><strong>hunc</strong></span> 
     </span>
     <span class='ocr_line' id='line_1_24' title="bbox 171 2306 1284 2391; baseline 0.001 -19"><span class='ocrx_word' id='word_1_169' title='bbox 171 2309 337 2372; x_wconf 90' lang='lat' dir='ltr'><strong>inimicum</strong></span> <span class='ocrx_word' id='word_1_170' title='bbox 366 2308 429 2372; x_wconf 90' lang='lat' dir='ltr'><strong>sibi</strong></span> <span class='ocrx_word' id='word_1_171' title='bbox 457 2311 595 2391; x_wconf 85' lang='lat' dir='ltr'><strong>putaret.</strong></span> <span class='ocrx_word' id='word_1_172' title='bbox 640 2306 709 2372; x_wconf 90' lang='lat' dir='ltr'><strong>Nec</strong></span> <span class='ocrx_word' id='word_1_173' title='bbox 737 2309 918 2373; x_wconf 85' lang='lat' dir='ltr'><strong>mehercule</strong></span> <span class='ocrx_word' id='word_1_174' title='bbox 943 2309 1006 2373; x_wconf 89' lang='lat' dir='ltr'><strong>hoc</strong></span> <span class='ocrx_word' id='word_1_175' title='bbox 1035 2310 1119 2373; x_wconf 86' lang='lat' dir='ltr'><strong>facio</strong></span> <span class='ocrx_word' id='word_1_176' title='bbox 1142 2311 1191 2374; x_wconf 88' lang='grc'><strong>111</strong></span> <span class='ocrx_word' id='word_1_177' title='bbox 1283 2344 1284 2349; x_wconf 42' lang='lat'>1</span> 
     </span>
     <span class='ocr_line' id='line_1_25' title="bbox 171 2396 1191 2481; baseline 0.002 -21"><span class='ocrx_word' id='word_1_178' title='bbox 171 2397 319 2480; x_wconf 88' lang='lat' dir='ltr'><strong>publicae</strong></span> <span class='ocrx_word' id='word_1_179' title='bbox 347 2418 456 2480; x_wconf 82' lang='lat' dir='ltr'><strong>causa,</strong></span> <span class='ocrx_word' id='word_1_180' title='bbox 488 2417 585 2480; x_wconf 90' lang='lat' dir='ltr'><strong>quam</strong></span> <span class='ocrx_word' id='word_1_181' title='bbox 613 2396 720 2460; x_wconf 79' lang='lat' dir='ltr'><strong>fundit</strong></span> <span class='ocrx_word' id='word_1_182' title='bbox 706 2401 759 2460; x_wconf 89' lang='lat' dir='ltr'><strong>tus</strong></span> <span class='ocrx_word' id='word_1_183' title='bbox 783 2397 921 2460; x_wconf 90' lang='lat' dir='ltr'><strong>deletam</strong></span> <span class='ocrx_word' id='word_1_184' title='bbox 943 2401 1003 2481; x_wconf 84' lang='lat' dir='ltr'><strong>put</strong></span> <span class='ocrx_word' id='word_1_185' title='bbox 1005 2419 1037 2479; x_wconf 87' lang='lat' dir='ltr'><strong>o,</strong></span> <span class='ocrx_word' id='word_1_186' title='bbox 1071 2398 1191 2462; x_wconf 87' lang='lat' dir='ltr'><strong>sedne</strong></span> 
     </span>
     <span class='ocr_line' id='line_1_26' title="bbox 173 2485 1231 2570; baseline 0.004 -22"><span class='ocrx_word' id='word_1_187' title='bbox 173 2485 245 2570; x_wconf 88' lang='lat' dir='ltr'><strong>quis</strong></span> <span class='ocrx_word' id='word_1_188' title='bbox 278 2506 329 2548; x_wconf 93' lang='lat' dir='ltr'><strong>me</strong></span> <span class='ocrx_word' id='word_1_189' title='bbox 361 2488 454 2568; x_wconf 83' lang='lat' dir='ltr'><strong>putt</strong></span> <span class='ocrx_word' id='word_1_190' title='bbox 485 2485 651 2568; x_wconf 83' lang='lat' dir='ltr'><strong>ingratum</strong></span> <span class='ocrx_word' id='word_1_191' title='bbox 673 2485 709 2547; x_wconf 92' lang='lat' dir='ltr'><strong>in</strong></span> <span class='ocrx_word' id='word_1_192' title='bbox 731 2506 818 2568; x_wconf 80' lang='lat' dir='ltr'><strong>eum,</strong></span> <span class='ocrx_word' id='word_1_193' title='bbox 851 2486 907 2568; x_wconf 88' lang='lat' dir='ltr'><strong>qui</strong></span> <span class='ocrx_word' id='word_1_194' title='bbox 929 2507 980 2549; x_wconf 89' lang='lat' dir='ltr'><strong>me</strong></span> <span class='ocrx_word' id='word_1_195' title='bbox 1003 2485 1231 2552; x_wconf 77' lang='grc'>111111111111</span> 
     </span>
     <span class='ocr_line' id='line_1_27' title="bbox 172 2570 1190 2659; baseline 0 -23"><span class='ocrx_word' id='word_1_196' title='bbox 172 2572 391 2656; x_wconf 77' lang='lat' dir='ltr'><strong>incommodis,</strong></span> <span class='ocrx_word' id='word_1_197' title='bbox 416 2571 533 2656; x_wconf 89' lang='lat' dir='ltr'><strong>quibus</strong></span> <span class='ocrx_word' id='word_1_198' title='bbox 557 2570 641 2635; x_wconf 85' lang='lat' dir='ltr'><strong>idem</strong></span> <span class='ocrx_word' id='word_1_199' title='bbox 665 2573 1190 2659; x_wconf 72' lang='grc'>1111111111,111111111111111111,</span> 
     </span>
     <span class='ocr_line' id='line_1_28' title="bbox 173 2623 1191 2745; baseline 0.001 -21"><span class='ocrx_word' id='word_1_200' title='bbox 173 2682 254 2745; x_wconf 90' lang='lat' dir='ltr'><strong>quae</strong></span> <span class='ocrx_word' id='word_1_201' title='bbox 272 2662 365 2744; x_wconf 81' lang='lat' dir='ltr'><strong>fiunt,</strong></span> <span class='ocrx_word' id='word_1_202' title='bbox 389 2664 444 2723; x_wconf 91' lang='lat' dir='ltr'><strong>aut</strong></span> <span class='ocrx_word' id='word_1_203' title='bbox 465 2682 546 2744; x_wconf 90' lang='lat' dir='ltr'><strong>quae</strong></span> <span class='ocrx_word' id='word_1_204' title='bbox 565 2663 650 2724; x_wconf 83' lang='lat' dir='ltr'><strong>certe</strong></span> <span class='ocrx_word' id='word_1_205' title='bbox 669 2661 779 2724; x_wconf 85' lang='lat' dir='ltr'><strong>futura</strong></span> <span class='ocrx_word' id='word_1_206' title='bbox 799 2623 883 2745; x_wconf 74' lang='lat' dir='ltr'><strong>sint,</strong></span> <span class='ocrx_word' id='word_1_207' title='bbox 860 2661 1014 2726; x_wconf 77' lang='lat' dir='ltr'><strong>tuidere</strong></span> <span class='ocrx_word' id='word_1_208' title='bbox 1031 2683 1098 2725; x_wconf 90' lang='lat' dir='ltr'><strong>non</strong></span> <span class='ocrx_word' id='word_1_209' title='bbox 1117 2683 1191 2745; x_wconf 92' lang='lat' dir='ltr'><strong>pos-</strong></span> 
     </span>
     <span class='ocr_line' id='line_1_29' title="bbox 174 2747 1190 2833; baseline 0.001 -21"><span class='ocrx_word' id='word_1_210' title='bbox 174 2771 254 2813; x_wconf 90' lang='lat' dir='ltr'><strong>sum.</strong></span> <span class='ocrx_word' id='word_1_211' title='bbox 295 2748 406 2812; x_wconf 80' lang='lat' dir='ltr'><strong>Etiam</strong></span> <span class='ocrx_word' id='word_1_212' title='bbox 429 2748 573 2832; x_wconf 85' lang='lat' dir='ltr'><strong>equidem</strong></span> <span class='ocrx_word' id='word_1_213' title='bbox 600 2752 729 2812; x_wconf 88' lang='lat' dir='ltr'><strong>senatus</strong></span> <span class='ocrx_word' id='word_1_214' title='bbox 753 2747 901 2813; x_wconf 88' lang='lat' dir='ltr'><strong>consulta</strong></span> <span class='ocrx_word' id='word_1_215' title='bbox 923 2750 1009 2813; x_wconf 88' lang='lat' dir='ltr'><strong>facta</strong></span> <span class='ocrx_word' id='word_1_216' title='bbox 1032 2750 1190 2833; x_wconf 90' lang='lat' dir='ltr'><strong>quaedam</strong></span> 
     </span>
     <span class='ocr_line' id='line_1_30' title="bbox 172 2836 1190 2922; baseline 0.001 -22"><span class='ocrx_word' id='word_1_217' title='bbox 172 2838 237 2900; x_wconf 91' lang='lat' dir='ltr'><strong>iam</strong></span> <span class='ocrx_word' id='word_1_218' title='bbox 269 2840 365 2920; x_wconf 81' lang='lat' dir='ltr'><strong>puto,</strong></span> <span class='ocrx_word' id='word_1_219' title='bbox 397 2836 522 2899; x_wconf 89' lang='lat' dir='ltr'><strong>utinam</strong></span> <span class='ocrx_word' id='word_1_220' title='bbox 551 2837 587 2899; x_wconf 94' lang='lat' dir='ltr'><strong>in</strong></span> <span class='ocrx_word' id='word_1_221' title='bbox 613 2836 745 2900; x_wconf 88' lang='lat' dir='ltr'><strong>Volcaci</strong></span> <span class='ocrx_word' id='word_1_222' title='bbox 774 2838 981 2902; x_wconf 76' lang='lat' dir='ltr'><strong>sententiam!</strong></span> <span class='ocrx_word' id='word_1_223' title='bbox 1020 2836 1083 2901; x_wconf 83' lang='lat' dir='ltr'><strong>sed</strong></span> <span class='ocrx_word' id='word_1_224' title='bbox 1111 2839 1190 2922; x_wconf 88' lang='lat' dir='ltr'><strong>quid</strong></span> 
     </span>
     <span class='ocr_line' id='line_1_31' title="bbox 172 2923 1229 2992; baseline 0.004 -5"><span class='ocrx_word' id='word_1_225' title='bbox 172 2924 293 2988; x_wconf 80' lang='lat' dir='ltr'><strong>refert?</strong></span> <span class='ocrx_word' id='word_1_226' title='bbox 338 2927 388 2987; x_wconf 89' lang='lat' dir='ltr'><strong>est</strong></span> <span class='ocrx_word' id='word_1_227' title='bbox 421 2924 506 2987; x_wconf 91' lang='lat' dir='ltr'><strong>enim</strong></span> <span class='ocrx_word' id='word_1_228' title='bbox 537 2945 601 2987; x_wconf 90' lang='lat' dir='ltr'><strong>una</strong></span> <span class='ocrx_word' id='word_1_229' title='bbox 634 2924 794 2988; x_wconf 87' lang='lat' dir='ltr'><strong>sententia</strong></span> <span class='ocrx_word' id='word_1_230' title='bbox 826 2927 979 2989; x_wconf 90' lang='lat' dir='ltr'><strong>omnium.</strong></span> <span class='ocrx_word' id='word_1_231' title='bbox 1032 2923 1095 2989; x_wconf 84' lang='lat' dir='ltr'><strong>Sed</strong></span> <span class='ocrx_word' id='word_1_232' title='bbox 1127 2927 1189 2990; x_wconf 90' lang='lat' dir='ltr'><strong>erit</strong></span> <span class='ocrx_word' id='word_1_233' title='bbox 1204 2953 1229 2992; x_wconf 77' lang='grc'><strong>11</strong></span> 
     </span>
     <span class='ocr_line' id='line_1_32' title="bbox 173 3009 1190 3097; baseline 0.002 -21"><span class='ocrx_word' id='word_1_234' title='bbox 173 3011 410 3076; x_wconf 89' lang='lat' dir='ltr'><strong>immitissimus</strong></span> <span class='ocrx_word' id='word_1_235' title='bbox 435 3009 574 3095; x_wconf 80' lang='lat' dir='ltr'><strong>Servius,</strong></span> <span class='ocrx_word' id='word_1_236' title='bbox 598 3013 654 3094; x_wconf 93' lang='lat' dir='ltr'><strong>qui</strong></span> <span class='ocrx_word' id='word_1_237' title='bbox 677 3011 781 3076; x_wconf 89' lang='lat' dir='ltr'><strong>filium</strong></span> <span class='ocrx_word' id='word_1_238' title='bbox 803 3013 894 3077; x_wconf 87' lang='lat' dir='ltr'><strong>misit</strong></span> <span class='ocrx_word' id='word_1_239' title='bbox 918 3013 957 3077; x_wconf 88' lang='lat' dir='ltr'><strong>ad</strong></span> <span class='ocrx_word' id='word_1_240' title='bbox 981 3013 1190 3097; x_wconf 82' lang='lat' dir='ltr'><strong>effligendum</strong></span> 
     </span>
     <span class='ocr_line' id='line_1_33' title="bbox 174 3099 1190 3184; baseline 0.001 -19"><span class='ocrx_word' id='word_1_241' title='bbox 174 3099 229 3165; x_wconf 83' lang='lat' dir='ltr'><strong>Cn.</strong></span> <span class='ocrx_word' id='word_1_242' title='bbox 252 3099 442 3183; x_wconf 90' lang='lat' dir='ltr'><strong>Pompeium</strong></span> <span class='ocrx_word' id='word_1_243' title='bbox 469 3103 525 3162; x_wconf 90' lang='lat' dir='ltr'><strong>aut</strong></span> <span class='ocrx_word' id='word_1_244' title='bbox 553 3104 637 3163; x_wconf 88' lang='lat' dir='ltr'><strong>certe</strong></span> <span class='ocrx_word' id='word_1_245' title='bbox 660 3101 849 3184; x_wconf 88' lang='lat' dir='ltr'><strong>capiendum</strong></span> <span class='ocrx_word' id='word_1_246' title='bbox 872 3123 945 3165; x_wconf 92' lang='lat' dir='ltr'><strong>cum</strong></span> <span class='ocrx_word' id='word_1_247' title='bbox 966 3100 1085 3165; x_wconf 89' lang='lat' dir='ltr'><strong>Pontio</strong></span> <span class='ocrx_word' id='word_1_248' title='bbox 1110 3102 1190 3167; x_wconf 84' lang='lat' dir='ltr'><strong>Titi-</strong></span> 
     </span>
     <span class='ocr_line' id='line_1_34' title="bbox 172 3187 1189 3272; baseline 0 -19"><span class='ocrx_word' id='word_1_249' title='bbox 172 3190 278 3253; x_wconf 86' lang='lat' dir='ltr'><strong>niano.</strong></span> <span class='ocrx_word' id='word_1_250' title='bbox 334 3187 409 3251; x_wconf 83' lang='lat' dir='ltr'><strong>Etsi</strong></span> <span class='ocrx_word' id='word_1_251' title='bbox 444 3187 498 3251; x_wconf 90' lang='lat' dir='ltr'><strong>hic</strong></span> <span class='ocrx_word' id='word_1_252' title='bbox 530 3188 705 3271; x_wconf 90' lang='lat' dir='ltr'><strong>quidemt</strong></span> <span class='ocrx_word' id='word_1_253' title='bbox 691 3189 820 3253; x_wconf 87' lang='lat' dir='ltr'><strong>timoris</strong></span> <span class='ocrx_word' id='word_1_254' title='bbox 854 3212 962 3272; x_wconf 85' lang='lat' dir='ltr'><strong>causa,</strong></span> <span class='ocrx_word' id='word_1_255' title='bbox 1000 3189 1055 3253; x_wconf 91' lang='lat' dir='ltr'><strong>ille</strong></span> <span class='ocrx_word' id='word_1_256' title='bbox 1090 3191 1189 3254; x_wconf 80' lang='lat' dir='ltr'><strong>vero?</strong></span> 
     </span>
     <span class='ocr_line' id='line_1_35' title="bbox 175 3275 1189 3362; baseline -0.001 -20"><span class='ocrx_word' id='word_1_257' title='bbox 175 3279 309 3343; x_wconf 72' lang='lat' dir='ltr'><strong>sede</strong></span> <span class='ocrx_word' id='word_1_258' title='bbox 279 3275 473 3340; x_wconf 88' lang='lat' dir='ltr'><strong>stomachari</strong></span> <span class='ocrx_word' id='word_1_259' title='bbox 511 3275 764 3340; x_wconf 86' lang='lat' dir='ltr'><strong>desinamust</strong></span> <span class='ocrx_word' id='word_1_260' title='bbox 732 3282 764 3341; x_wconf 88' lang='grc'><strong>11</strong></span> <span class='ocrx_word' id='word_1_261' title='bbox 801 3277 973 3362; x_wconf 88' lang='lat' dir='ltr'><strong>aliquando</strong></span> <span class='ocrx_word' id='word_1_262' title='bbox 1012 3278 1189 3343; x_wconf 84' lang='lat' dir='ltr'><strong>sentiamus</strong></span> 
     </span>
     <span class='ocr_line' id='line_1_36' title="bbox 173 3362 1228 3464; baseline 0.002 -34"><span class='ocrx_word' id='word_1_263' title='bbox 173 3365 257 3430; x_wconf 89' lang='lat' dir='ltr'><strong>nihil</strong></span> <span class='ocrx_word' id='word_1_264' title='bbox 288 3364 382 3429; x_wconf 79' lang='lat' dir='ltr'><strong>nobis</strong></span> <span class='ocrx_word' id='word_1_265' title='bbox 414 3363 495 3447; x_wconf 88' lang='grc'>11111,</span> <span class='ocrx_word' id='word_1_266' title='bbox 526 3362 559 3427; x_wconf 91' lang='lat' dir='ltr'><strong>id</strong></span> <span class='ocrx_word' id='word_1_267' title='bbox 592 3363 677 3464; x_wconf 88' lang='lat' dir='ltr'><strong>quod</strong></span> <span class='ocrx_word' id='word_1_268' title='bbox 709 3365 841 3429; x_wconf 88' lang='lat' dir='ltr'><strong>minime</strong></span> <span class='ocrx_word' id='word_1_269' title='bbox 873 3367 1001 3450; x_wconf 81' lang='lat' dir='ltr'><strong>vellem,</strong></span> <span class='ocrx_word' id='word_1_270' title='bbox 1035 3366 1189 3449; x_wconf 85' lang='lat' dir='ltr'><strong>spiritum</strong></span> <span class='ocrx_word' id='word_1_271' title='bbox 1203 3391 1228 3433; x_wconf 79' lang='grc'><strong>1</strong></span> 
     </span>
     <span class='ocr_line' id='line_1_37' title="bbox 173 3455 435 3538; baseline -0.012 -20"><span class='ocrx_word' id='word_1_272' title='bbox 173 3455 335 3538; x_wconf 87' lang='lat' dir='ltr'><strong>reliquum</strong></span> <span class='ocrx_word' id='word_1_273' title='bbox 359 3473 435 3516; x_wconf 90' lang='lat' dir='ltr'><strong>esse.</strong></span> 
     </span>
    </p>
   </div>
   <div class='ocr_carea' id='block_1_5' title="bbox 0 0 1298 3886">
    <p class='ocr_par' dir='ltr' id='par_1_6' title="bbox 0 0 1298 3886">
     <span class='ocr_line' id='line_1_38' title="bbox 0 0 1298 3886; baseline 0 0"><span class='ocrx_word' id='word_1_274' title='bbox 0 0 1298 3886; x_wconf 95' lang='lat' dir='ltr'><strong> </strong></span> 
     </span>
    </p>
   </div>
  </div>
 </body>
</html>
