2564 3880
253 179 513 234 EPISTULARUM
532 181 581 234 AD
600 181 765 235 ATTICUM
783 183 848 236 XIV
867 189 981 238 20-22,
1059 185 1124 248 461

105 322 170 388 Sed
192 323 275 387 mihi
298 325 428 407 quidem
451 328 621 409 βεβίωται,
644 325 784 390 viderint
807 327 945 390 iuvenes.
984 326 1033 390 Tu
1055 349 1127 391 mea

105 412 244 496 curabis,
268 416 305 476 ut
328 433 430 476 ouras.

175 499 264 563 Haec
295 501 408 584 scripsi
441 522 498 565 seu
526 501 645 566 dictavi
674 503 824 585 apposita
852 502 991 567 secunda
1017 523 1162 569 mensae

106 588 193 672 apud
220 587 416 652 Vestorium.
462 589 626 654 Postridie
654 590 739 673 apud
769 589 916 654 Hirtium
943 591 1126 675 cogitabam

78 681 140 744 set
171 675 299 760 quidem
332 675 560 743 πενιέλοιιιον.
612 675 666 742 Sic
694 677 859 742 hominem
890 679 1056 742 traducere
1087 680 1127 742 ad

107 768 293 848 optumates
325 787 413 848 paro.
456 770 568 851 Λῆρος
599 767 714 842 πολύς.
759 766 864 831 Nemo
897 770 947 830 est
978 767 1127 852 istorum,

107 853 166 936 qui
190 853 294 916 otium
316 875 383 918 non
401 854 522 919 timeat.
561 853 666 930 Quare
684 855 801 918 talaria
819 855 993 919 videamus.
1031 854 1126 931 Quid-

106 941 158 1006 vis
182 941 269 1005 enim
291 942 400 1024 potius
424 964 521 1025 quam
545 946 659 1007 castra.

177 1028 306 1093 Atticae
334 1029 473 1094 salutem
500 1031 674 1114 plurimam
702 1031 799 1095 velim
823 1031 918 1096 dicas.
964 1031 1127 1115 Exspecto

64 1144 93 1182 ιο
109 1115 225 1181 Octavi
248 1118 432 1182 contionem
450 1122 483 1182 et
507 1120 535 1183 si
559 1119 637 1202 quid
659 1119 756 1204 aliud,
779 1120 918 1184 maxime
941 1123 1058 1204 autem,
1081 1141 1127 1184 ec-

108 1206 188 1289 quid
210 1205 382 1270 Dolabella
404 1207 525 1270 tinniat
549 1229 591 1272 an
613 1208 648 1272 in
670 1229 742 1272 mec
766 1209 897 1272 nomine
924 1208 1053 1272 tabulas
1071 1230 1127 1272 no-

106 1317 165 1358 vas
188 1294 309 1359 fecerit.
480 1310 483 1315 ·

566 1469 669 1535 XXII.
742 1483 747 1490 '

257 1590 314 1646 Sor.
333 1592 365 1644 iu
384 1591 537 1646 Puteolano
553 1593 627 1661 prid.
643 1592 687 1645 Id.
704 1591 776 1646 Μαι.
793 1609 818 1646 οι.
836 1593 891 1647 710
910 1595 978 1660 (44).

65 1726 92 1766 ιι
267 1721 270 1732 “
460 1715 606 1770 CICERO
623 1715 777 1769 ATTICO.

179 1821 306 1888 Certior
334 1821 459 1887 aPilia
486 1824 590 1887 factus
618 1823 664 1887 mi
665 1823 707 1886 tti
665 1822 774 1886 tad
800 1826 834 1888 te
861 1821 1010 1886 Idibust
996 1823 1129 1888 t-abella
1148 1841 1162 1888 1

108 1911 177 1975 rios
206 1914 257 1974 sta
258 1912 318 1976 tim
345 1911 407 1975 hoo
433 1911 543 1975 nescio
573 1911 650 2000 quid
673 1911 811 1975 exaravi.
856 1909 1002 1974 Primum
1025 1911 1127 1995 igitur

110 2001 193 2064 scire
215 2003 248 2064 te
271 2000 361 2064 volui
383 2021 434 2064 me
457 1999 533 2063 hinc
554 1985 716 2082 Arpinum
739 2017 802 2063 xvr
825 1999 958 2063 Kalend.
973 1998 1043 2063 Iun.
1076 1998 1127 2063 Eo

109 2088 214 2172 igitur
242 2088 369 2174 mittes,
401 2089 429 2152 si
462 2088 539 2171 quid
567 2088 629 2151 erit
656 2087 804 2172 postha03
837 2109 1031 2170 quamquam
1058 2087 1128 2171 ipse

68 2203 95 2242 ιο
110 2178 176 2240 iam
208 2176 336 2260 iamque
368 2175 472 2240 adero.
521 2175 622 2258 Cupio
656 2176 757 2260 οιιιιιι,
790 2179 846 2240 ant
848 2197 963 2259 equam
989 2174 1127 2239 Romam

110 2264 220 2348 venio,
248 2264 376 2328 odorari
405 2265 607 2349 diligentius,
635 2264 713 2415 quid
743 2227 889 2328 iuturum
914 2264 965 2327 sit.
1013 2262 1129 2339 Quam-

111 2374 209 2436 quam
239 2374 364 2437 vereor,
396 2374 438 2416 ne
469 2353 553 2416 nihil
585 2353 769 2417 coniectura
795 2353 947 2416 aberrem.
994 2350 1128 2416 Minime

111 2441 198 2504 enim
227 2441 400 2505 obscurum
430 2444 493 2524 est,
523 2441 602 2524 quid
629 2441 686 2504 isti
712 2441 902 2525 molientum
933 2461 1025 2504 meus
1052 2462 1128 2504 vero

112 2529 299 2615 discipulus,
323 2529 379 2613 qui
397 2528 495 2594 hodie
514 2529 596 2612 apud
617 2551 668 2593 me
687 2533 788 2611 cenat,
812 2529 903 2593 valde
923 2531 1009 2592 amat
1027 2528 1130 2613 illum,

69 2644 96 2685 ιι
112 2639 210 2700 quem
236 2616 359 2682 Brutus
390 2621 502 2681 noster
533 2617 696 2682 sauciavit.
742 2616 801 2700 Et,
834 2617 862 2680 si
891 2617 1018 2699 quaeris
1046 2615 1129 2768 (per-

112 2706 204 2790 spexi
235 2705 321 2770 enim
352 2703 476 2792 plane),
512 2705 628 2770 timent
661 2704 780 2788 otium3
816 2705 984 2770 ὑπόθεσιν
1021 2709 1077 2768 aut
1079 2727 1129 2769 em

111 2794 195 2858 hauc
213 2793 335 2857 habent
353 2815 486 2877 eamque
504 2815 581 2876 prae
601 2815 634 2856 se
653 2793 772 2876 ferunt,
794 2793 1008 2857 clarissimum
1026 2815 1130 2858 omum

111 2883 162 2946 int
149 2882 261 2946 tterfeo
247 2885 328 2967 ιιιιιι,
350 2885 401 2968 tot
366 2886 454 2946 otam
472 2903 541 2945 rem
560 2881 724 2964 publicam
742 2845 900 2945 illiusint
850 2881 964 2946 interit
965 2905 987 2944 u
1006 2885 1129 2964 pertur-

111 2969 263 3054 batams
254 2970 353 3033 mrita
319 2963 454 3054 ιιοιο,
483 2991 564 3053 quae
586 2969 641 3033 ille
665 2969 793 3053 egisset,
818 2969 915 3033 simul
939 2991 975 3033 ao
998 2969 1130 3032 desiste·

70 3087 98 3126 ιο
112 3080 220 3122 remus
239 3058 368 3141 timere3
391 3021 537 3122 cleinent'
513 3062 594 3121 tram
612 3057 661 3120 illi
679 3058 765 3122 malo
784 3058 897 3158 fuisse3
921 3079 985 3140 qua
1003 3057 1032 3120 si
1050 3078 1129 3120 usus

111 3169 179 3211 non
201 3149 296 3232 esset,
318 3146 451 3209 nihil
424 3150 490 3209 οιι
476 3146 540 3209 tale
564 3145 781 3210 accideret
723 3168 765 3230 po
767 3147 878 3210 tuisse.
918 3143 1077 3208 Mihit
1021 3166 1062 3207 au
1063 3148 1164 3207 teme

111 3234 233 3301 venit
223 3256 258 3298 m
280 3238 431 3319 mentem,
454 3257 482 3298 ιι
473 3233 672 3318 Pompeius
696 3255 769 3298 oum
793 3233 936 3298 exercitu
958 3233 1052 3295 firmo
1076 3253 1129 3296 ve-

111 3325 191 3406 niat,
219 3323 306 3406 quod
329 3326 379 3386 est
403 3286 560 3404 οιιλογον,
588 3326 674 3386 οοιιο
641 3321 766 3386 ιιοιο
790 3321 919 3385 bellum
965 3318 1055 3383 Haec
1077 3341 1130 3382 me

113 3412 235 3494 species
254 3411 387 3494 cogitat
377 3432 473 3494 loque
492 3414 564 3493 pert
550 3410 669 3475 t.urbat
706 3409 821 3492 Neque
841 3408 926 3472 enim
945 3407 1019 3489 iam,
1043 3407 1130 3490 quod

72 3500 176 3568 esttibi
204 3502 274 3563 tum
302 3499 408 3584 licuit,
436 3499 530 3563 nobis
553 3519 639 3562 nunc
661 3497 779 3562 licebit.
825 3494 911 3560 Nam
934 3499 1044 3578 aperte
1011 3496 1130 3560 tlae-
