2578 3886
247 115 507 171 EPISTULARUM
524 116 575 170 AD
594 115 759 171 ATTICUM
776 117 828 170 ΧΠ
848 123 890 186 18,
911 124 975 172 18η.
1058 118 1124 182 365

97 259 232 324 confido
266 263 298 323 et
330 259 474 344 Egnatio
509 259 640 324 scilicet.
690 257 740 324 De
769 258 931 344 Appuleio
964 261 1043 345 quid
1075 265 1124 325 est

98 347 193 431 quod
215 347 354 433 labores,
376 369 449 411 cum
473 347 517 411 sit
540 348 706 412 excusatio
729 348 855 412 facilis?

171 434 247 499 Tibi
275 436 316 499 ad
342 458 394 500 me
421 435 545 521 venire,
576 439 614 499 ut
642 435 801 522 ostendis,
830 436 903 500 vide
926 458 967 500 ne
989 458 1057 500 non
1080 437 1160 500 sita

98 523 205 588 facile.
243 523 308 586 Est
327 523 412 587 enim
430 523 566 608 longum
584 524 656 610 iter,
679 523 957 608 discedentemque
976 528 1020 610 te,
1037 524 1124 607 quod

68 611 251 677 sceleriter
274 611 338 675 tibi
361 612 423 675 erit
446 611 585 677 fortasse
608 611 798 690 faciendum,
821 634 889 676 non
912 613 982 677 sine
1004 633 1124 696 magno

100 700 215 766 dolore
248 699 420 763 dimittam.
468 697 531 763 Sed
563 701 688 785 omnia,
718 703 756 764 ut
783 700 882 765 voles.
928 700 1001 784 ligo
1030 700 1125 784 enim,
1223 753 1229 764 ,

100 787 260 872 quicquid
286 788 413 872 feceris,
441 787 475 851 id
502 809 576 854 cum
602 792 689 854 recte
717 792 789 853 tum
812 788 911 854 etiam
934 810 1006 853 mea
1029 810 1125 852 causa

99 877 227 942 factum
250 876 383 959 putabo.

545 1049 690 1116 XVHIa.

56 1183 83 1222 ro
299 1169 356 1227 Sor.
371 1171 493 1226 Asturae
510 1172 568 1226 ΙΙΙ
580 1173 625 1227 Id.
641 1172 730 1227 Mart.
746 1189 771 1226 a.
788 1175 843 1226 709
863 1175 931 1241 (45).

412 1294 558 1349 CICERO
575 1293 724 1350 ATTICO
741 1294 825 1349 SAL.

170 1402 263 1488 Heri,
291 1423 364 1467 cum
388 1425 426 1466 ex
450 1403 589 1467 aliorum
611 1402 731 1467 litteris
755 1404 980 1486 cognovissem
1004 1404 1042 1468 de
1060 1403 1127 1468 An-
1146 1424 1160 1472 1

102 1491 175 1557 toni
201 1491 356 1574 adventu,
386 1491 564 1555 admiratus
589 1513 661 1555 sum
683 1490 768 1554 nihil
791 1513 860 1555 esse
883 1493 918 1555 in
941 1493 1016 1556 tuis.
1063 1490 1127 1558 Sed

104 1584 198 1645 erant
220 1579 325 1663 pridie
347 1579 486 1644 fortasse
510 1579 650 1662 scriptae
674 1601 772 1662 quam
790 1579 891 1643 datae.
929 1577 1044 1663 Neque
1062 1581 1126 1644 ista

60 1693 88 1736 15
105 1668 237 1752 quidem
260 1688 351 1752 curo;
384 1667 441 1731 sed
463 1671 573 1732 tamen
596 1667 712 1751 opinor
734 1671 868 1751 propter
891 1668 1025 1751 praedes
1049 1689 1125 1732 suos

105 1755 330 1821 accucurrisse.

174 1842 267 1919 Quod
295 1844 410 1909 scribis
433 1842 618 1907 Terentiam
641 1843 679 1906 de
704 1841 970 1926 obsignatoribus
993 1843 1058 1906 mei
1081 1847 1160 1909 tea

106 1932 261 1998 stamenti
288 1932 393 2018 loqui,
424 1932 566 2016 primum
596 1931 659 1995 tibi
681 1930 839 2014 persuade
862 1953 915 1996 me
936 1932 1037 1995 istaec
1059 1953 1125 1996 non

106 2042 218 2086 curare
254 2041 359 2104 nequa
395 2041 465 2084 esse
498 2020 671 2103 quicquam
703 2024 760 2083 aut
791 2041 910 2102 parvae
941 2041 1037 2084 curae
1068 2023 1125 2083 aut

63 2134 91 2174 ro
105 2130 209 2173 novae
232 2109 303 2173 loci.
341 2106 403 2172 sed
426 2112 536 2172 tamen
560 2107 638 2190 quid
661 2107 788 2172 simile?
825 2106 886 2171 Illa
909 2129 964 2172 eos
987 2129 1055 2172 non
1073 2107 1125 2172 ed-

105 2197 231 2283 hibuit,
269 2218 350 2280 quos
387 2196 586 2260 existimavit
622 2196 842 2280 quaesituros,
876 2196 942 2260 nisi
979 2196 1125 2278 scissent,

107 2285 186 2370 quid
215 2289 307 2349 esset.
358 2283 446 2348 Num
477 2284 513 2347 id
543 2283 641 2348 etiam
670 2284 752 2348 mihi
778 2283 913 2367 periculi
939 2284 1025 2348 fuit?
1063 2283 1127 2349 Sed

106 2378 217 2438 tamen
239 2373 338 2438 faciat
359 2373 417 2436 illa
440 2372 528 2456 quod
546 2393 614 2456 ego.
655 2371 750 2437 Dabo
769 2394 876 2436 meum
894 2376 1126 2436 testamentum

106 2461 288 2546 legendum,
311 2461 363 2525 cui
385 2459 539 2545 voluerit;
561 2460 729 2545 intelleget
747 2482 815 2524 non
832 2461 978 2544 potuisse
995 2459 1134 2526 honori-'

66 2574 93 2615 aa
107 2549 256 2614 ficentius
285 2571 304 2613 a
330 2570 382 2612 me
407 2548 479 2612 fieri
506 2548 545 2611 de
566 2553 698 2632 nepote,
726 2571 824 2632 quam
845 2548 984 2614 fecerim.
1030 2547 1125 2634 Nem,

108 2639 197 2722 quod
218 2659 285 2702 non
304 2637 456 2701 advocavi
474 2635 515 2700 ad
533 2636 778 2722 obsignandum,
800 2637 941 2721 primum
959 2636 1040 2700 mihi
1059 2659 1126 2702 non

108 2727 199 2792 venit
225 2726 261 2790 in
288 2729 444 2810 mentem,
471 2724 584 2788 deinde
607 2747 644 2788 ea
667 2746 702 2788 re
724 2746 791 2788 non
812 2726 916 2811 venit,
943 2726 1020 2809 quia
1041 2725 1126 2790 nihil

109 2815 253 2879 attinuit.
299 2812 383 2878 Tute
407 2814 484 2899 scis,
511 2813 656 2878 simodo
680 2813 866 2897 meministi,
894 2835 946 2877 me
969 2813 1030 2877 tibi
1054 2819 1126 2878 tum

109 2903 237 2988 dixisse,
259 2905 297 2966 ut
319 2900 358 2965 da
380 2901 447 2965 tuis
470 2901 597 2984 aliquos
620 2900 799 2965 adduceres.
837 2900 922 2977 Quid
940 2902 1025 2966 enim
1045 2923 1142 2989 opus

67 3014 95 3058 so
109 2995 180 3056 erat
197 2989 333 3054 multis?
365 2987 527 3073 Equidem
546 2989 739 3054 domesticos
759 2990 923 3054 iusseram.
961 2989 1045 3053 Tum
1063 2990 1126 3054 tibi

107 3079 246 3163 placuit,
273 3081 310 3141 ut
337 3077 501 3142 mitterem
524 3076 565 3140 ad
588 3075 712 3141 Silium.
758 3077 838 3142 lude
862 3082 910 3142 est
933 3081 1061 3161 natum,
1088 3081 1126 3141 ut

109 3167 151 3232 ad
168 3165 360 3244 Publilium3
376 3165 431 3230 scd
448 3187 575 3230 necesse
593 3169 745 3230 neutrum
763 3166 835 3232 fuit.
865 3161 991 3234 Hoetu
1009 3169 1126 3232 tracta·

108 3256 170 3340 bis,
194 3258 232 3318 ut
255 3253 318 3317 tibi
340 3253 511 3318 videbitur.
