2568 3888
127 233 139 256 .
185 153 227 218 68
508 150 545 204 M.
564 149 673 204 TULLI
691 148 879 204 CICERONIS

184 296 219 360 in
242 297 328 360 ferro
351 298 384 358 et
411 298 479 359 tom
498 294 645 358 insuetus
673 293 885 357 conlumelioe
913 315 954 356 ne
986 293 1077 356 omni
1108 291 1223 356 enimi

185 385 308 468 impetu
331 382 436 446 dolori
459 386 491 446 et
513 381 698 446 iracundiae
720 384 840 464 pereat.

149 487 166 537 c
252 471 363 536 Bibuli
386 470 443 554 qui
467 469 510 534 sib
534 470 639 533 exitus
662 469 801 553 futurus,
823 468 941 533 nescio.
977 467 1026 532 Ue
1049 488 1139 532 nunc
1155 490 1219 531 res

185 582 220 625 se
248 558 360 642 hebel,
391 557 573 622 admirabili
601 557 706 641 glorie
729 561 786 621 esi.
833 557 895 632 Oui
919 579 992 621 cum
1014 556 1151 620 comilis
1172 557 1218 618 in

183 669 328 713 mensem
347 643 521 710 Octobrem
538 645 726 730 distulisset,
751 644 838 728 quod
857 645 939 709 solet
959 665 995 707 ee
1017 666 1071 709 res
1092 644 1217 728 populi
1255 669 1274 708 5

183 736 386 800 volunlatem
401 733 570 819 offendere,
588 736 719 816 putaret
734 730 852 797 Caesar
870 732 1016 798 emtione
1036 754 1098 796 sus
1112 753 1218 816 posse

184 823 308 907 impelli
339 822 536 907 contionem,
570 825 608 884 ui
636 822 699 884 iret
729 820 769 884 sd
798 820 965 906 Bibulum3
995 819 1103 884 mulio
1135 842 1218 884 cum

187 910 430 976 seditiosissime
465 910 604 993 dicerels
628 930 740 974 vocem
773 909 951 992 exprimere
983 929 1054 972 non
1087 909 1216 991 potuit.

186 998 270 1074 Quid
293 997 443 1082 quoeris?
468 997 612 1061 sentiunt
636 1019 669 1061 se
692 996 816 1061 nullam
842 997 942 1060 ullius
965 994 1069 1080 perlis
1093 998 1217 1060 volun-

185 1090 287 1150 latem
308 1089 424 1150 tenere.
469 1084 520 1150 Eo
543 1085 647 1169 magis
669 1085 719 1149 vis
742 1083 838 1149 nobis
862 1088 911 1148 esi
933 1084 1086 1149 timenda.
1235 1110 1272 1148 10

150 1190 166 1239 c
255 1173 386 1238 Clodius
415 1173 565 1237 inimicus
596 1176 645 1236 esi
674 1172 778 1237 nobis,
827 1171 1001 1256 Pompeius
1032 1173 1216 1237 confirmet

186 1283 259 1325 eum
280 1261 365 1325 nihil
388 1283 456 1326 esse
478 1262 640 1326 faciurum
658 1265 770 1324 contre
788 1281 848 1326 me.
884 1260 968 1325 Mihi
985 1260 1216 1343 periculosum

186 1354 236 1414 est
265 1351 405 1434 credere,
435 1350 475 1413 ad
504 1348 720 1413 resistendum
747 1369 799 1414 me
828 1370 916 1433 paro.
963 1347 1078 1413 Studia
1110 1370 1215 1433 spero

184 1459 237 1501 me
260 1460 384 1502 summa
405 1436 594 1501 habiturum
617 1437 760 1501 omnium
778 1437 935 1520 ordinum.
981 1435 1027 1501 'I'e
1049 1458 1126 1501 cum
1146 1458 1212 1522 ego

185 1525 344 1611 desidero,
365 1530 438 1589 ium
460 1547 536 1590 vero
559 1547 611 1589 res
634 1525 676 1589 ad
696 1530 825 1608 tempus
847 1525 930 1588 illud
952 1528 1054 1589 vocet.
1101 1524 1213 1589 Pluri-
1230 1548 1263 1588 15

184 1635 273 1679 mum
296 1613 436 1699 consilii,
459 1613 570 1697 animi,
593 1613 746 1696 praesidii
768 1612 905 1697 denique
927 1612 1021 1699 mihi,
1050 1612 1079 1677 si
1102 1618 1138 1677 te
1169 1613 1213 1677 ad

185 1706 311 1786 tempus
349 1703 472 1785 videro,
509 1701 687 1767 accesserit.
736 1700 841 1765 Varro
878 1699 960 1764 mihi
996 1701 1077 1764 selis
1116 1701 1211 1766 fecii.

183 1788 357 1874 Pompeius
375 1790 521 1872 loquitur
536 1790 699 1853 divinitus.
728 1787 828 1873 Spero
843 1810 903 1852 nos
918 1793 975 1852 cut
989 1810 1062 1853 cum
1076 1810 1212 1854 summe

186 1880 290 1963 gloria
320 1882 377 1942 eui
408 1885 492 1942 certe
522 1877 591 1941 sine
619 1877 769 1942 molestia
799 1877 1004 1941 discessuros.
1050 1876 1101 1941 Tu
1126 1878 1213 1961 quid

185 1987 272 2051 agas,
296 1988 388 2049 quem
413 1966 454 2028 ed
475 1965 606 2029 modum
627 1970 660 2030 te
679 1965 829 2050 oblectes,
853 1965 931 2049 quid
949 1987 1022 2028 cum
1041 1962 1211 2049 Sicyoniis
1227 1992 1259 2029 so

186 2054 298 2139 egeris,
322 2057 360 2117 ui
382 2053 490 2140 scium,
513 2074 597 2117 cure.

640 2228 743 2294 XXII.
964 2291 967 2297 .

185 2348 242 2404 Ser.
263 2349 366 2404 Romae
381 2356 444 2418 post
462 2351 542 2404 VIII
557 2350 594 2402 K.
614 2349 696 2416 Sext„
715 2356 778 2404 ante
796 2349 858 2403 XV
874 2349 911 2403 K.
926 2349 998 2404 Nee.
1014 2365 1039 2402 a.
1060 2352 1118 2404 695
1133 2351 1210 2418 (59).

506 2472 634 2527 CICERO
652 2471 784 2527 ATTICO
805 2471 880 2527 SAL.

151 2597 165 2644 1
253 2578 355 2655 Quam
384 2581 500 2644 vellem
528 2580 652 2646 Romae
683 2580 870 2645 mansissesl
922 2579 1101 2645 Mensisscs
1132 2603 1210 2665 pro·
1224 2605 1252 2647 25

185 2669 280 2751 fecto,
295 2669 323 2731 si
335 2667 414 2732 haec
426 2669 497 2733 fore
510 2674 721 2752 putassemus.
749 2667 835 2732 Nem
843 2667 1045 2733 Pulchellum
1054 2671 1209 2734 nostrum

185 2755 338 2820 facillime
356 2761 537 2821 teneremus
557 2763 613 2821 eut
632 2761 725 2841 certe,
744 2757 823 2840 quid
841 2760 926 2821 esset
944 2756 1100 2840 fecturus,
1123 2757 1209 2822 scire

185 2866 362 2927 possemus.
398 2843 494 2908 Nunc
517 2867 551 2909 se
573 2867 625 2910 res
644 2846 689 2910 sic
706 2845 813 2910 habel.
844 2844 981 2930 Velitris,
1003 2845 1099 2930 furit3
1121 2845 1209 2909 nihil

185 2931 284 2995 hebet
306 2933 399 3016 cerii,
426 2932 539 2997 multis
563 2933 743 3017 denuntiat,
771 2934 857 3017 quod
880 2934 947 2998 fors
972 2932 1145 3020 obtulerit,
1171 2933 1208 2997 id

186 3024 316 3083 sciurus
338 3020 481 3106 videtur3
504 3043 577 3084 cum
594 3021 691 3105 videt,
715 3043 778 3105 quo
802 3022 845 3085 sil
868 3021 904 3085 in
927 3021 1001 3086 odio
1021 3024 1128 3085 stolus
1152 3021 1208 3085 hic
1222 3047 1249 3086 so

185 3127 307 3191 rerum,
337 3109 373 3172 in
402 3130 469 3194 eos,
500 3109 556 3193 qui
585 3109 663 3173 haec
690 3113 838 3194 egeruni,
871 3110 1029 3192 impetum
1059 3109 1207 3174 fecturus

186 3195 327 3280 videtur3
357 3218 430 3260 cum
460 3201 568 3261 aulem
597 3218 709 3261 rursus
741 3219 816 3282 opes
845 3219 957 3262 eorum
984 3200 1017 3261 et
1045 3198 1207 3262 exercilus

187 3285 386 3368 recordetur,
417 3285 575 3349 convertit
599 3307 633 3348 se
655 3285 690 3348 in
712 3284 829 3371 bonos,
859 3286 955 3350 nobis
985 3289 1094 3349 autem
1125 3286 1207 3370 ipsis

151 3377 258 3436 nium
280 3373 355 3459 vim,
378 3378 448 3437 lum
471 3373 625 3437 iudicium
647 3373 797 3437 minatur.
844 3371 927 3438 Cum
948 3371 1012 3437 hoc
1030 3370 1206 3458 Pompeius

188 3462 255 3545 egit
283 3465 327 3546 et,
357 3465 394 3526 ui
425 3463 465 3525 ad
494 3483 544 3526 me
573 3461 643 3544 ipse
670 3461 830 3525 referebat
854 3459 969 3549 (elium
992 3461 1078 3524 enim
1101 3461 1205 3526 habeo
1219 3487 1245 3526 ss
