2578 3886
261 132 520 188 EPISTULARUM
539 135 589 188 AD
607 134 772 189 ATTIOUM
790 135 830 188 XI
849 142 891 205 13,
912 141 953 190 14.
1054 138 1119 202 339

93 276 207 361 velim,
231 277 318 360 quod
336 277 467 361 poteris,
491 277 683 362 consideres,
701 282 738 342 ut
759 279 810 362 sit,
829 279 914 342 unde
930 279 1027 343 nobis
1048 301 1121 363 sup·

93 365 287 449 peditentur
316 369 465 448 sumptus
487 366 668 430 necessarii.
716 363 751 429 Si
776 389 856 449 quas
879 366 1052 431 habuimus
1076 369 1121 432 fa—

95 454 249 538 cultates,
269 474 322 517 eas
340 451 494 536 Pompeio
513 458 593 538 tum,
608 475 681 518 cum
699 454 732 517 id
751 455 939 519 videbamur
959 456 1121 540 sapienter

95 542 214 624 facere,
238 541 422 606 detulimus,
460 541 575 625 ltaque
598 547 669 605 tum
693 546 725 605 et
749 565 768 606 a
791 548 847 607 tuo
867 544 963 608 vilico
984 544 1119 627 sumpsi-

66 652 172 697 smus
197 634 229 692 et
253 629 380 692 aliunde
398 631 540 694 mutuati
560 652 685 712 sumus3
708 652 793 695 nunc
813 630 952 707 Quintus
973 633 1120 716 queritur

96 741 157 803 per
187 719 315 782 litteras
343 717 407 781 sibi
434 739 494 782 nos
517 717 601 781 nihil
625 718 763 803 dedisse,
790 721 847 802 qui
868 742 973 803 neque
997 721 1037 783 ab
1061 721 1118 784 illo

96 807 209 892 rogati
251 827 362 870 sumus
394 827 498 889 neque
530 806 594 890 ipsi
627 829 696 870 eam
728 808 897 890 pecuniam
928 809 1120 892 aspeximus.

99 893 166 960 Sed
189 894 287 958 velim
310 894 433 978 videas,
462 894 539 977 quid
562 895 620 979 sit,
647 897 734 979 quod
758 897 871 962 confici
894 897 1008 982 possit,
1031 896 1120 980 quid-

98 1005 164 1068 que
187 982 269 1046 mihi
292 981 331 1045 de
355 982 506 1046 omnibus
531 982 585 1046 des
609 983 750 1067 consilii;
775 988 807 1047 et
830 1006 957 1048 causam
980 985 1077 1048 nosti.

52 1097 81 1136 ιο
168 1070 268 1134 Plura
295 1091 335 1133 ne
364 1071 517 1155 scribam,
544 1069 655 1134 dolore
678 1071 843 1155 impedior.
891 1072 926 1138 si
950 1073 1027 1157 quid
1050 1073 1155 1154 erit,5

6 1235 7 1240 γ
97 1159 187 1244 quod
215 1158 256 1222 ad
287 1179 368 1241 quos
397 1158 601 1222 scribendum
629 1181 702 1223 meo
725 1161 857 1224 nomine
879 1165 988 1246 putes,
1014 1161 1121 1244 velim,

6 1267 8 1306 :
96 1253 135 1312 ut
160 1247 260 1332 soles,
287 1247 395 1331 facias,
424 1247 637 1330 quotiensque
660 1247 804 1333 habebis,
828 1249 904 1333 quoi
929 1250 983 1312 des
1007 1249 1121 1313 adme

6 1417 8 1438 ,
95 1337 235 1420 litterae,
258 1334 361 1398 nolim
384 1335 632 1418 praetermittas.
678 1334 768 1400 Vale.

6 1565 8 1576 i
564 1509 651 1575 XIV.

6 1615 8 1664 ?
51 1643 79 1684 1⁵
257 1629 314 1686 ser.
330 1630 470 1685 namursi
488 1631 550 1686 aare.
572 1633 617 1685 VI
631 1631 668 1686 K.
684 1633 756 1686 uae.
776 1651 801 1686 a.
819 1633 874 1687 ror
894 1636 963 1701 (47).

423 1753 551 1809 CICERO
569 1753 702 1809 ATTICO
723 1753 796 1807 SAL.

165 1861 245 1928 Non
271 1885 322 1928 me
352 1863 485 1927 offendit
512 1863 632 1927 veritas
655 1862 840 1926 litterarum
862 1866 1007 1946 tuarum,
1034 1862 1154 1945 quod1

97 1974 148 2016 me
174 1973 248 2016 cum
271 1952 497 2016 communibus
521 1956 592 2016 tum
615 1951 797 2035 praecipuis
815 1951 910 2014 malis
930 1972 1121 2033 oppressum

97 2062 138 2103 ne
162 2039 279 2123 incipis
304 2040 448 2125 quidem,
475 2043 513 2103 ut
537 2039 677 2124 solebas,
706 2038 866 2103 consolari
888 2038 1063 2121 faterisque
1087 2039 1120 2102 id

54 2155 83 2194 ao
100 2128 173 2192 fieri
201 2128 266 2191 iam
294 2150 361 2192 non
387 2149 490 2212 posse.
537 2126 605 2191 Nec
635 2127 721 2191 enim
745 2148 781 2191 ea
805 2130 895 2211 sunt,
923 2147 1005 2210 quae
1028 2131 1120 2191 erant

99 2219 205 2300 antea,
228 2226 313 2300 cum,⁸
333 2219 371 2279 ut
388 2216 473 2280 nihil
491 2215 586 2298 aliud,
606 2216 738 2280 comites
756 2237 808 2278 me
827 2219 859 2279 et
878 2215 982 2285 socios
1001 2214 1119 2280 habere

99 2305 265 2388 putabam.
313 2302 430 2368 Omnes
459 2304 544 2368 enim
567 2303 703 2368 Achaici
734 2303 955 2386 deprecatores
978 2303 1120 2386 itemque

99 2393 135 2456 in
158 2391 247 2477 Asia,
276 2392 394 2477 quibus
415 2414 483 2456 non
506 2395 575 2455 erat
597 2392 757 2477 ignotum,
780 2392 878 2455 etiam
902 2392 1019 2474 quibus
1043 2395 1122 2478 erat,

99 2481 134 2544 in
162 2479 308 2545 Africam
336 2480 486 2545 dicuntur
509 2479 703 2564 navigaturi.
750 2478 801 2543 Ita
823 2483 951 2562 praeter
974 2479 1121 2543 Laelium

56 2595 85 2636 aa
101 2569 265 2633 neminem
287 2568 391 2632 babeo
416 2568 527 2652 culpae
545 2568 682 2653 socium3
706 2569 763 2651 qui
780 2571 890 2631 tamen
907 2568 969 2631 hoc
987 2567 1120 2632 meliore

98 2658 133 2720 in
162 2678 257 2721 causa
286 2659 349 2742 est,
377 2657 464 2740 quod
494 2656 559 2719 iam
588 2660 635 2720 est
663 2659 817 2739 receptus.
864 2655 913 2719 De
936 2678 988 2719 me
1010 2659 1154 2720 autema

98 2767 166 2809 non
189 2745 302 2809 dubito
328 2745 408 2828 quin
430 2745 469 2807 ad
492 2743 632 2807 Balbum
655 2747 688 2807 et
712 2744 752 2806 ad
776 2741 917 2827 Oppium
941 2743 1119 2827 scripserit3

100 2855 118 2896 a
147 2833 278 2916 quibus,
307 2833 335 2896 si
363 2833 440 2916 quid
469 2835 552 2896 esset
579 2830 710 2914 laetius,
739 2833 857 2895 certior
881 2832 986 2895 factus
1010 2853 1121 2917 essem,

99 2924 207 2985 tecum
247 2921 346 2985 etiam
383 2923 490 2984 essent
521 2920 630 2984 locuti.
687 2917 886 2994 Quibuscum
919 2923 956 2984 tu
988 2919 1026 2983 de
1058 2919 1120 2984 hoc

57 3036 86 3076 ao
99 3009 171 3092 ipso
192 3009 387 3092 conloquare
408 3008 505 3072 velim
524 3012 556 3072 et
576 3007 615 3071 ad
633 3030 694 3091 me,
709 3008 786 3091 quid
805 3009 867 3072 tibi
885 3007 1119 3091 responderint,

99 3097 237 3180 scribae,
263 3119 332 3160 non
359 3097 446 3181 quod
474 3097 515 3160 ab
538 3097 603 3160 isto
626 3096 712 3160 salus
736 3096 811 3160 data
835 3096 1006 3180 quicquam
1029 3095 1119 3159 habi-

100 3189 174 3248 tura
197 3185 240 3248 sit
262 3185 482 3270 firmitudinis,
504 3184 560 3248 sed
582 3189 692 3248 tamen
710 3184 833 3267 aliquid
852 3184 977 3248 consuli
996 3186 1028 3246 et
1046 3204 1119 3266 pro-

100 3272 182 3356 spici
212 3274 341 3355 poterit.
388 3273 462 3336 Etsi
486 3273 631 3337 omnium
654 3276 860 3355 conspectum
882 3271 1008 3354 horreo,
1030 3291 1119 3352 prae-

100 3360 214 3424 sertim
236 3361 298 3425 hoo
321 3382 454 3446 genero,
483 3365 601 3443 tamen,
627 3360 785 3424 intentis
812 3359 907 3423 malis
931 3358 1009 3441 quid
1032 3358 1119 3421 aliud

57 3475 85 3516 ss
100 3449 213 3534 velim,
249 3471 316 3514 non
348 3449 482 3533 reperio.
538 3448 676 3524 Quintus
710 3448 830 3532 pergit,
863 3450 900 3510 ut
933 3445 973 3509 ad
1004 3467 1056 3508 me
1086 3448 1152 3509 ets

904 3547 956 3600 22*
