2564 3880
160 188 224 252 422
480 187 517 240 Μ.
538 187 645 241 TULIil
664 184 854 241 CICERONIS

158 331 242 396 nihil
272 329 351 394 novi
383 329 504 414 adfers,
534 331 590 394 sed
617 330 702 394 idem
730 328 816 412 quod
845 348 953 413 saepe,
980 330 1091 391 tamen
1117 325 1179 390 hoc

74 457 77 484 ι
159 420 254 484 audio
278 419 434 483 libentius
458 440 522 501 quo
547 419 683 502 saepius,
707 439 808 500 eoque
830 416 912 480 mihi
930 414 1102 479 iucundius
1121 417 1177 498 est,

160 506 316 660 gpcpzlurtu
348 529 386 572 eo
418 507 563 592 lactaris,
595 507 778 589 certiusque
811 526 849 569 eo
882 508 945 591 est,
977 504 1065 588 quod
1097 525 1117 567 a
1145 505 1177 566 te

588 768 754 834 XXXVII.
822 779 827 788 '

303 891 360 946 Sor.
375 893 407 945 ιιι
429 892 586 946 Tusculano
604 889 654 944 IV
669 891 743 944 Noa.
759 889 831 944 Seret.
847 907 872 943 o.
889 892 945 943 709
964 891 1034 957 (45).

466 1013 611 1068 CICERO
629 1012 776 1068 ATTICO
793 1012 877 1067 SAL.

126 1141 141 1188 1
227 1122 296 1187 Has
330 1122 447 1186 alteras
476 1122 571 1187 hodie
603 1121 739 1186 litteras.
789 1120 840 1185 De
871 1119 1016 1184 Xenonis
1047 1119 1178 1184 nomine

161 1215 194 1276 et
221 1211 259 1274 de
281 1210 460 1294 Epiroticis
488 1214 587 1272 xii—xi
613 1209 697 1274 nihil
723 1212 833 1292 potest
860 1209 932 1273 fieri
959 1229 1017 1272 nec
1042 1229 1178 1272 commo-

161 1300 233 1363 dius
254 1321 313 1362 nec
336 1303 391 1382 apt
378 1299 453 1382 t,ius
476 1319 574 1381 quam
596 1301 634 1361 ut
657 1297 780 1362 scribis
817 1295 855 1361 Id
878 1300 947 1360 erat
967 1297 1056 1360 locut
1042 1300 1097 1360 tus
1115 1317 1178 1359 me
1191 1321 1213 1360 ιι
1274 1355 1275 1364 ,

126 1406 141 1454 2
162 1410 235 1452 cum
259 1388 371 1451 eodem
393 1386 489 1451 modo
514 1384 635 1450 Balbus
655 1386 772 1450 minor.
809 1383 903 1449 Nihil
920 1385 998 1448 novi
1021 1407 1098 1448 sane
1115 1383 1180 1448 nisi

161 1475 307 1540 Hirtium
330 1497 403 1540 cum
426 1474 547 1550 Quinto
571 1476 722 1538 acerrime
745 1495 805 1558 pro
824 1495 875 1538 me
893 1473 943 1537 lit
919 1477 1055 1574 tigasse3
1079 1473 1180 1536 omni-

161 1565 223 1628 bus
259 1586 333 1628 eum
367 1563 447 1627 locis
478 1563 584 1626 furere
616 1563 819 1645 meximeque
850 1561 885 1625 in
917 1561 1074 1625 conviviis
1108 1583 1181 1626 cum

161 1652 265 1716 multa
295 1652 333 1716 de
360 1673 412 1715 me
441 1655 513 1714 tum
540 1650 644 1714 redire
668 1651 707 1714 ad
729 1653 786 1734 pat
787 1673 869 1734 rem3
900 1649 984 1713 nihil
1006 1653 1117 1713 autem
1140 1649 1180 1714 ab

162 1763 200 1805 eo
233 1746 297 1804 aa
327 1739 524 1819 ἀξιοπίστως
556 1739 619 1802 dici
649 1760 745 1822 quam
778 1738 993 1803 alienissimos
1020 1758 1082 1802 nos
1111 1759 1216 1802 esses

162 1851 181 1892 a
205 1827 352 1912 Caesare
384 1827 482 1891 fidem
503 1826 600 1890 nobis
623 1826 806 1890 habendam
828 1848 1003 1912 nonesse,
1027 1847 1180 1890 movero

162 1916 260 1981 etiam
286 1916 461 1981 cavendum
489 1912 652 2000 (φοβερὸν
681 1911 770 1979 dr
750 1939 808 1998 ην,
837 1914 901 1978 nisi
928 1914 1071 1978 viderem
1099 1915 1181 1978 scire

161 2026 270 2089 regem
293 2027 343 2068 me
367 2003 467 2068 animi
488 2001 573 2066 nihil
594 2000 738 2089 habere),
762 2001 949 2067 Ciceronem
971 2023 1048 2066 vero
1072 2024 1183 2067 meum

127 2093 284 2177 ursinari,
323 2092 379 2157 sed
412 2092 447 2155 id
479 2091 608 2175 quidem
638 2092 799 2155 arbitratu
827 2113 895 2156 suo.
944 2088 1082 2154 Laudat
1057 2093 1182 2155 tionem

160 2143 294 2244 Porciae
330 2179 454 2265 gaudeo
492 2200 543 2242 me
580 2182 655 2243 ante
622 2179 815 2243 tdedisse
846 2178 977 2280 Leptae,
999 2178 1182 2263 tabellario,
1195 2205 1220 2244 io
1274 2239 1275 2242 ,

162 2290 259 2351 quam
289 2272 362 2331 tuas
386 2267 639 2350 acceperimlitt
640 2289 720 2331 eras.
766 2268 887 2331 Eamt
873 2271 910 2331 ιιι
932 2267 995 2352 igit
997 2289 1049 2350 ur,
1078 2266 1107 2330 si
1130 2289 1183 2332 me

162 2379 261 2441 amas,
283 2356 420 2438 curabis,
444 2355 472 2419 si
494 2355 590 2419 modo
609 2356 767 2439 mittetur,
790 2356 854 2435 isto
873 2355 969 2419 modo
987 2355 1184 2420 mittendam

163 2442 310 2508 Domitio
335 2447 367 2507 et
389 2442 500 2507 Brute.

126 2550 144 2596 4
230 2530 279 2595 De
307 2529 555 2616 gladiatoribus,
583 2530 621 2594 de
649 2532 777 2615 ceteris,
806 2552 887 2614 quae
918 2530 1033 2595 scribis
1062 2529 1185 2614 elvepo·
1274 2565 1275 2572 ι

163 2623 307 2703 poppae,
338 2619 436 2683 facies
462 2641 514 2682 ure
541 2619 659 2683 cotidie
686 2620 863 2684 certiorem.
909 2617 1031 2702 Velim,
1062 2617 1091 2682 si
1119 2619 1185 2682 tibi
1198 2645 1222 2686 aa

162 2708 302 2791 uidetur,
334 2707 476 2791 appelles
509 2706 648 2772 Balbum
680 2712 713 2771 et
746 2707 899 2772 Offilium.
950 2705 999 2770 De
1032 2707 1185 2771 auctione
1255 2741 1258 2748 ·

161 2795 391 2879 proscribenda
413 2795 561 2878 equidem
583 2796 711 2860 locutus
736 2818 808 2860 sum
831 2817 904 2859 cum
925 2793 1037 2858 Balbo,
1074 2793 1186 2860 Placc-
1274 2849 1275 2874 ,

163 2884 222 2947 bat
246 2879 340 2967 (puto
364 2884 545 2966 conscripta
566 2883 685 2947 habere
708 2882 855 2947 Offilium
878 2883 1000 2966 omnia3
1022 2881 1124 2946 habet
1150 2888 1186 2948 et
1274 2949 1275 2958 ,

162 2969 300 3057 Balbus)
329 2971 384 3035 sed
407 2970 510 3035 Balbo
538 2971 686 3054 placebat
714 2972 934 3055 propinquum
958 2971 1042 3034 diem
1062 2974 1096 3034 et
1119 2969 1186 3036 Ro·

162 3081 249 3138 mae3
281 3059 310 3124 si
334 3057 451 3122 Caesar
478 3063 672 3143 moraretur,
704 3060 856 3143 possein
880 3059 964 3124 diem
986 3079 1024 3124 ex
1047 3059 1099 3122 die
1123 3059 1185 3124 dif-
1199 3087 1224 3126 ιι
1274 3083 1275 3090 “

161 3147 248 3211 ferri.
295 3145 358 3211 Sed
384 3147 412 3210 is
446 3146 575 3230 quidem
607 3148 717 3213 adesse
748 3148 884 3212 videtur.
931 3147 1052 3212 Totum
1079 3147 1186 3232 igitur
1274 3209 1275 3212 ,

164 3233 344 3321 considera3
367 3235 473 3318 placet
497 3235 583 3298 enim
605 3235 767 3301 Vestorio.
