2564 3880
199 149 201 152 -
266 86 526 183 uersumsauu
543 128 594 182 sn
613 129 777 184 suricum
795 129 861 184 run
879 133 994 185 ss-ar.
1067 132 1133 195 417

112 271 204 336 illius
222 271 374 355 periculis
393 293 459 336 non
477 272 630 336 moveris!
660 271 713 336 Me
733 293 861 357 quoque
881 277 1018 337 accusat.
1051 273 1134 338 Eam

112 359 177 424 tibi
200 360 382 445 epistulam,
405 361 471 425 cisi
493 359 512 400 ’¹‘
531 359 550 401 *
567 359 595 444 *,
618 360 788 425 misissem.
834 357 921 424 Nam
944 360 1034 425 illam
1058 363 1135 426 alte-

112 471 184 514 ram
210 449 249 512 de
272 449 369 512 rebus
392 448 493 533 gestis
517 448 629 512 codem
653 448 799 532 exemplo
823 452 912 530 puto.
957 448 998 513 In
1021 447 1136 514 Cuma·

112 558 192 601 num
219 535 315 600 hodie
338 537 414 600 misi
436 536 651 600 tabellarium.
697 536 740 601 ui
764 536 835 600 dedi
859 541 934 602 tuas
957 537 999 601 ad
1021 537 1135 604 Vesto-
1154 555 1185 605 (2)

86 629 210 710 trium,
234 646 315 708 quas
338 623 497 689 Pharnaci
520 624 661 689 dederas.

575 816 676 882 XXX.

159 939 217 994 Scr.
232 939 265 992 in
286 938 444 993 Tusculano
467 937 495 991 V
511 937 548 992 K.
564 938 629 991 Iwc.
641 943 705 1006 post
722 955 762 1008 ep.
778 939 893 993 XXXI
907 957 932 993 c.
949 943 1005 995 709
1023 923 1093 1008 (45).

422 1059 568 1114 CICERO
586 1059 733 1116 ATTICO
751 1060 834 1116 SAL.

183 1166 397 1234 Commodum
429 1168 470 1231 ad
499 1170 532 1231 tc
560 1168 711 1232 miseram
737 1165 893 1252 Demean,
922 1193 1020 1254 quom
1048 1170 1134 1237 Eros
1154 1187 1261 1239 nm

74 1285 101 1322 ιο
115 1258 156 1321 ad
188 1279 239 1320 me
268 1257 366 1321 venit.
418 1253 481 1318 Sed
511 1255 546 1319 in
579 1256 647 1319 eius
678 1257 817 1339 epistula
845 1257 929 1322 nihil
960 1264 1029 1323 erat
1057 1261 1136 1324 novi

113 1346 179 1410 nisi
207 1345 390 1409 auctionem
417 1342 560 1408 biduum.
606 1343 660 1407 Ab
684 1366 721 1408 ea
743 1345 858 1429 igitur,
886 1350 922 1410 ut
947 1347 1074 1432 scribis,
1103 1352 1135 1412 et

114 1433 213 1498 velim
237 1434 383 1498 coniecto
403 1432 536 1516 negotio
555 1429 749 1517 Faberian03
773 1454 869 1516 quem
888 1433 1018 1516 quidem
1035 1440 1134 1520 negat

113 1522 200 1586 Eros
234 1520 345 1604 hodie,
380 1541 449 1584 cras
484 1541 578 1584 mane
608 1523 711 1603 putat.
764 1522 797 1584 A
826 1525 859 1586 te
890 1522 1041 1587 colendus
1071 1528 1135 1609 est3

114 1611 197 1675 istae
220 1614 329 1674 autem
343 1615 515 1682 ,κολακεῖαι
538 1629 605 1671 non
623 1608 720 1693 longe
743 1609 863 1673 absunt
881 1632 900 1673 a
924 1611 1049 1675 scelere.
1083 1612 1134 1690 Te,

74 1724 103 1781 15·
114 1702 153 1763 ut
177 1719 282 1784 spero,
303 1697 463 1781 perendie.

181 1785 238 1870 Mi,
257 1785 388 1850 sicunde
406 1787 509 1868 potes,
533 1805 634 1867 erues,
654 1784 711 1866 qui
729 1784 838 1849 decem
855 1785 957 1870 legati
975 1785 1133 1850 Mummio
1153 1805 1169 1854 2
1188 1805 1218 1857 (a)

112 1875 244 1939 fuerint.
281 1873 437 1958 Polybius
455 1893 521 1936 non
539 1872 696 1936 nominat.
732 1871 807 1956 Ego
825 1874 958 1938 memini
976 1873 1134 1939 Albinum

114 1963 315 2028 consularem
338 1966 371 2026 et
395 1959 448 2045 Sp.
467 1959 675 2044 Mummium3
706 1960 817 2025 videor
839 1962 967 2026 audisse
990 1985 1030 2026 ex
1052 1962 1135 2028 Hor-

114 2052 220 2116 tensio
243 2050 448 2114 Tuditanum.
496 2046 559 2112 Sed
586 2048 622 2111 in
644 2046 780 2113 Libonis
808 2049 917 2114 annali
940 2067 1017 2114 xnn
1040 2052 1133 2114 aunis

76 2167 102 2206 ao
115 2143 191 2224 post
215 2143 346 2224 praetor
370 2141 420 2202 est
442 2138 547 2200 factus
571 2135 751 2200 Tuditanus
776 2159 873 2220 quam
895 2139 1009 2203 consul
1030 2137 1134 2203 Mum-

113 2228 208 2292 mius.
260 2225 337 2291 Non
367 2247 443 2289 sane
475 2225 619 2308 quadrat.
665 2223 751 2289 Volo
782 2225 921 2309 aliquem
951 2225 1134 2311 †Olympia

114 2315 259 2468 ffllbi
288 2316 395 2379 risum
423 2314 597 2378 πολιτικὸν
625 2313 794 2397 σύλλογον
820 2335 909 2380 more
936 2312 1135 2401 Dicaearchi,

127 2427 147 2468 a
183 2403 283 2468 '‘aris
306 2403 365 2467 tui.
1077 2438 1080 2445 ·

567 2574 685 2640 XXXI.

77 2713 101 2753 ss
187 2699 245 2756 Ser.
260 2701 292 2754 ia
313 2699 471 2754 Tusculano
490 2697 591 2821 eodem7
591 2697 715 2836 6194·εᾶτόιῖ
734 2714 773 2766 ep.
789 2697 884 2752 XXX
896 2699 985 2770 paulo
1004 2707 1068 2756 cate

531 2785 556 2820 α.
711 2808 717 2820 .

422 2889 568 2946 OIOERO
586 2887 733 2945 ΑΤΤΙΟΟ
750 2891 834 2947 SAL.

183 3020 207 3066 v
230 3000 302 3065 Kal.
321 3022 414 3064 mane
438 3000 547 3083 accepi
570 3022 589 3062 a
612 2996 733 3062 Demea
756 2999 883 3064 litteras
907 3000 1011 3084 pridie
1033 3000 1169 3086 datas,1

116 3113 155 3154 ex
183 3089 302 3174 quibus
332 3092 388 3152 aut
415 3087 510 3152 hodie
539 3091 596 3150 aut
626 3108 696 3150 cras
719 3092 904 3170 exspectare
928 3095 955 3153 te
978 3088 1133 3152 deberem.

78 3205 104 3245 ac
118 3177 193 3264 Sed,
221 3181 258 3241 ut
282 3176 411 3263 opinor,
438 3176 523 3240 idem
547 3195 620 3260 ego,
650 3175 706 3257 qui
729 3180 879 3261 exspecto
903 3180 997 3240 tuum
1020 3176 1135 3239 adven-

116 3271 201 3350 tum,
232 3265 386 3329 morabor
417 3267 458 3328 te.
511 3261 588 3327 Non
620 3262 706 3326 enim
740 3268 820 3346 puto
851 3267 919 3327 tam
949 3263 1134 3347 expeditum

116 3353 331 3419 Faberianum
359 3353 527 3438 negotium
556 3352 717 3435 futurum,
747 3352 874 3415 etiamsi
902 3354 950 3414 est
978 3352 1135 3436 futurum,

116 3447 153 3507 ut
186 3463 250 3508 acro
283 3442 402 3506 habeat
436 3439 557 3524 aliquid
587 3461 704 3504 morae.
758 3437 840 3504 (lum
870 3439 993 3522 poteris
1023 3439 1133 3524 igitur.

170 3555 217 3598 Glc.
231 3556 298 3605 episc.
311 3555 342 3596 Π.
938 3546 971 3594 27
