2568 3888
142 126 184 190 28
463 125 501 180 M.
521 125 629 180 TULLI
646 124 837 180 CICERONIS

142 268 276 332 discidio
309 270 432 353 vestro,
465 267 520 331 sed
547 267 715 331 voluntate
743 289 779 331 ac
805 267 923 331 iudicio
952 271 1011 332 tuo
1038 267 1184 330 facturn
1259 268 1279 342 *p

143 378 212 420 esse
231 355 385 419 videatur.
422 354 527 431 Quare
546 359 579 418 et
596 355 662 441 illa,
685 377 767 438 quae
780 355 911 440 uiolata,
932 355 1184 438 expiabuntur,
1276 359 1279 432 ι

143 448 175 508 et
192 444 271 508 haec
287 448 411 528 nostra,
430 465 511 526 quae
530 447 606 507 sunt
626 444 828 507 sanctissime
846 448 1045 531 conservata,
1071 464 1184 508 suam
1276 481 1279 521 ,ι

142 531 332 616 religionem
355 531 557 596 obtinebunt.

107 637 123 685 8
208 617 279 684 Nos
302 619 355 683 hic
377 619 413 683 in
430 641 465 683 re
482 618 612 703 publica
630 618 767 704 infirma,
788 619 907 683 misera
924 617 1183 682 commutabili·
1213 639 1229 681 ι
1276 659 1279 699 ,

143 729 205 791 que
227 729 401 772 versamur.
439 705 542 771 Credo
566 707 652 770 enim
674 710 707 770 te
730 706 858 771 audisse
877 711 1009 771 nostros
1034 707 1182 790 equites
1277 747 1279 788 q

141 817 241 878 paene
278 817 297 859 a
333 799 448 859 senatu
484 816 554 859 esse
593 794 766 879 diiunctos3
808 795 865 878 qui
901 795 1043 877 primum
1082 794 1183 858 illud

141 884 233 948 valde
256 883 398 968 graviter
421 883 581 969 tulerunt,
606 882 848 967 promulgatum
871 905 909 946 ex
933 886 1066 946 senatus
1091 903 1181 946 con-

143 971 230 1035 sulto
252 971 363 1056 fuisse,
385 975 422 1034 ut
445 971 484 1034 de
507 971 563 1056 eis,
586 971 643 1054 qui
666 971 708 1035 ob
730 971 935 1035 iudicandum
953 971 1180 1056 accepissent,

143 1062 357 1142 quaereretur.
394 1057 464 1160 Qua
481 1059 517 1122 in
539 1080 574 1122 re
597 1059 791 1122 decernenda
814 1081 888 1124 cum
911 1079 970 1144 ego
994 1081 1073 1123 casu
1095 1080 1179 1122 non
1195 1079 1227 1118 ro

143 1147 317 1210 adfuissem
349 1147 583 1230 sensissemque
614 1147 648 1211 id
680 1151 863 1231 equestrem
895 1147 1040 1212 ordinem
1078 1148 1177 1212 ferre

141 1235 278 1298 moleste
308 1256 412 1318 neque
445 1238 553 1318 aperte
583 1234 699 1320 dicere,
732 1235 901 1320 obiurgavi
929 1239 1093 1322 senatum,
1130 1237 1176 1298 ut

142 1322 224 1386 mihi
251 1323 340 1387 visus
369 1344 454 1409 sum,
482 1344 606 1386 summa
634 1345 706 1386 curn
734 1323 927 1387 auctoritate
951 1323 1041 1387 etin
1065 1344 1175 1387 causa

108 1429 209 1476 enon
231 1411 409 1475 verecunda
432 1411 603 1475 admodum
626 1411 789 1495 graviset
812 1411 962 1495 copiosus
982 1410 1039 1474 fui.
1076 1411 1173 1475 Ecce

143 1499 224 1562 aliae
246 1499 379 1564 deliciae
401 1500 491 1582 equit
492 1521 548 1563 um
571 1499 626 1563 vix
648 1498 808 1563 ferendae!
833 1521 912 1582 quas
937 1519 996 1583 ego
1019 1520 1088 1562 non
1112 1521 1171 1562 so·
1188 1517 1220 1558 ιι

142 1587 211 1651 lum
232 1587 309 1673 tuli,
332 1587 388 1651 sed
410 1587 508 1650 etiam
532 1587 651 1652 ornavi.
692 1585 805 1651 Asiam
830 1587 887 1670 qui
910 1586 948 1650 de
971 1587 1170 1652 censoribus

143 1675 378 1761 conduxerunt,
349 1676 512 1759 tquesti
535 1675 644 1739 sunt
634 1697 670 1739 ιιι
692 1680 806 1739 senatu
831 1697 865 1738 se
889 1675 1065 1758 cupiditas
1088 1697 1170 1758 pro-

141 1763 251 1846 lapsos
278 1763 416 1827 nimium
442 1784 560 1848 magno
589 1763 792 1848 conduxisse,
821 1767 859 1826 ut
845 1763 1046 1826 tinduceret
1032 1767 1086 1826 tur
1114 1763 1168 1827 lo·

143 1851 236 1937 cotie,
261 1855 359 1934 postu
337 1852 516 1915 ultavenm
493 1851 633 1935 tEgo
658 1851 805 1935 princeps
829 1851 865 1914 in
887 1851 1090 1916 adiutoribus
1114 1856 1168 1914 ιι-

143 1961 205 2022 que
233 1939 310 2004 adeo
340 1940 509 2024 secundus3
535 1961 625 2024 nem,
652 1943 689 2002 ut
675 1939 762 2003 tilli
784 1939 938 2002 auderent
960 1939 1023 2002 hoc
1050 1942 1166 2022 postu·
1181 1961 1212 2000 ro

142 2027 222 2112 lare,
264 2025 399 2091 Crassus
442 2049 496 2090 eos
536 2027 674 2110 impulit.
737 2027 901 2091 Invidiosa
941 2048 1007 2113 ιιι,
1052 2028 1164 2110 turpis

141 2115 320 2197 postulatio
344 2119 376 2179 et
399 2115 557 2178 confessio
580 2115 781 2179 temeritatis.
824 2113 992 2180 Summum
1016 2119 1086 2179 erat
1109 2137 1165 2199 pe

142 2202 288 2289 riculum‚
310 2225 360 2288 ne,
383 2202 411 2266 si
429 2203 513 2266 nihil
530 2203 766 2288 impetrassent,
788 2203 883 2286 plane
902 2203 1120 2268 alienarentur
1144 2226 1165 2267 a

142 2295 263 2354 senatu.
314 2290 400 2354 Huic
431 2313 558 2375 quoque
591 2291 638 2355 rei
670 2292 863 2355 subventum
895 2296 943 2355 est
970 2291 1111 2355 maxime
1144 2314 1165 2355 a

142 2379 236 2443 nobis
259 2379 514 2465 perfectumque,
540 2383 578 2443 ut
605 2379 865 2462 frequentissimo
890 2383 1004 2443 senatu
1027 2383 1060 2442 et
1082 2379 1164 2443 libe·
1178 2400 1207 2442 as

142 2467 302 2531 ralissimo
325 2470 502 2552 uterentur,
525 2467 609 2530 mult
595 2471 692 2550 taque
716 2491 735 2532 a
756 2489 807 2531 me
831 2468 869 2531 de
889 2467 1038 2531 ordinum
1057 2466 1163 2552 digni·

142 2559 260 2619 tatet
229 2577 245 2619 e
246 2555 449 2618 tconcordia
467 2520 553 2619 dicta
572 2561 648 2619 sunt
666 2554 737 2620 Kal
756 2554 922 2620 Decembr.
942 2559 975 2618 et
993 2555 1163 2638 postridie

141 2640 256 2726 Neque
289 2643 391 2706 adhuc
419 2664 469 2706 res
497 2644 642 2707 confecta
607 2647 732 2729 test,
765 2643 820 2707 sed
848 2644 999 2707 voluntas
1028 2647 1163 2707 senatus

142 2734 322 2814 perspecta3
349 2752 433 2794 unus
462 2731 548 2794 enim
575 2736 650 2795 cont
652 2754 687 2795 re
636 2696 839 2796 tdixerat
867 2731 1018 2795 Metellus
1047 2733 1164 2797 consul
1278 2719 1279 2814 l

143 2819 344 2903 designatus,
376 2823 508 2902 eratque
540 2818 605 2882 dict
591 2823 699 2905 turus,
730 2820 771 2883 ad
805 2841 901 2902 quem
932 2823 1030 2903 propt
1032 2841 1066 2883 er
1098 2819 1163 2883 diei
1177 2845 1204 2884 so

142 2906 247 2969 brevit
233 2910 335 2969 attem
357 2911 548 2989 perventum
570 2928 636 2970 nou
660 2911 718 2993 ιιι,
694 2907 836 2970 theros
860 2907 916 2970 ille
938 2911 1014 2971 nost
1016 2929 1050 2970 er
1000 2904 1163 2972 t.Cato
1278 2905 1279 2984 J

89 3011 122 3058 10
144 2990 196 3056 Sic
215 3015 274 3078 ego
295 3015 486 3058 conservans
507 2995 667 3058 rationem
689 2960 993 3078 idstitutionemque
1015 2998 1163 3060 nostram
1278 2999 1279 3052 i

142 3084 250 3167 tueor,
279 3085 316 3144 ut
344 3103 490 3168 possum,
520 3082 609 3147 illam
637 3105 729 3147 ame
753 3083 1011 3167 conglutinatam
1033 3105 1164 3148 concor·

141 3168 235 3233 diam
287 3167 349 3234 Sed
381 3174 503 3257 tamen,
536 3171 689 3253 quoniam
720 3171 784 3234 ista
814 3174 937 3235 suntt
939 3193 991 3234 am
1022 3170 1164 3258 infirma,

141 3258 287 3320 munitur
320 3259 476 3340 quaedam
506 3259 600 3323 nobis
633 3259 674 3322 ad
705 3259 887 3322 retinendas
923 3279 999 3342 opes
1032 3225 1164 3324 nostras,
1177 3283 1207 3325 aa

141 3348 178 3409 t
179 3349 213 3408 ta
220 3397 229 3431 ‚
257 3349 294 3408 ut
317 3369 425 3431 spero,
453 3347 519 3432 via3
550 3351 684 3430 quamt
670 3346 731 3410 tibi
754 3346 809 3409 litt
795 3346 874 3410 teris
899 3347 978 3411 sctis
1002 3347 1163 3430 explicare

142 3454 208 3496 non
221 3454 364 3520 possum,
383 3434 619 3520 significatione
633 3456 732 3517 parva
752 3434 918 3498 ostendam
932 3437 1048 3498 tamen.
1076 3433 1164 3500 Utor
