2616 3884
308 142 563 198 EPISTULARUM
581 143 631 197 AD
649 143 812 198 ATTICUM
830 143 882 197 VH
901 150 925 197 3.
1057 143 1120 207 193

106 287 227 372 quibus
251 290 288 350 tu
317 309 350 351 es
379 291 563 372 contentus,
592 288 646 351 sed
669 286 790 369 aliquid
815 308 874 350 nos
902 285 998 351 vellet
1025 285 1119 350 nobis

108 377 243 460 dignum
267 379 298 439 et
323 376 440 440 sentire
459 379 491 440 et
514 375 689 439 defendere.
727 374 818 450 Quod
837 374 965 458 quidem
984 395 1120 460 agerem,

108 465 138 528 si
160 464 281 548 liceret,
304 463 368 528 alio
390 463 496 549 modo,
519 485 554 528 ac
577 485 662 527 nunc
685 462 843 547 agendum
867 467 923 526 est.

176 551 226 615 De
258 574 316 616 sua
344 553 491 635 potentia
523 551 675 616 dimicant
706 551 851 616 homines
883 550 944 615 hoc
975 554 1155 633 tempores

81 639 252 723 epericulo
275 640 422 704 civitatis.
459 638 554 726 Nam,
578 640 605 703 si
627 661 678 703 res
702 639 832 723 publica
854 638 1042 722 defenditur,
1064 659 1120 701 1111

110 750 149 792 ea
166 729 296 792 consule
313 729 379 792 isto
397 729 468 811 ipso
487 727 616 792 defensa
634 749 701 792 non
719 727 789 790 cst?
810 748 866 791 cur
886 747 956 812 ego,
977 727 1012 790 in
1029 726 1120 790 cuius

109 839 207 880 causa
229 816 276 880 rei
298 816 443 899 publicae
466 817 554 880 salus
582 815 793 901 consistebat,
820 815 967 879 defensus
989 817 1119 898 postero

110 926 195 968 anno
217 926 284 968 non
307 904 400 968 sum?
427 927 483 968 cur
510 905 687 988 imperium
709 903 758 966 illi
787 908 842 967 aut
865 925 921 967 cur
943 903 1001 966 illo
1024 902 1119 967 modo

111 997 322 1077 prorogatum
349 992 419 1056 est?
451 1013 508 1056 cnr
539 997 632 1056 tauto
660 1013 755 1074 opere
782 995 963 1076 pugnatum
990 994 1053 1076 est,
1084 993 1120 1053 ut

70 1107 97 1146 10
111 1081 151 1144 de
183 1081 251 1144 eius
285 1081 425 1144 absentis
457 1081 583 1145 ratione
613 1079 759 1144 habenda
791 1080 897 1144 decem
926 1078 1051 1144 tribuni
1099 1078 1120 1141 l.

110 1169 254 1232 ferrent?
290 1167 351 1232 His
374 1168 429 1232 ille
452 1168 548 1233 rebus
571 1169 618 1232 ita
640 1167 811 1253 convaluit,
834 1171 871 1231 ut
892 1189 977 1232 nunc
999 1166 1034 1230 in
1056 1187 1120 1230 uno

111 1256 175 1320 civi
207 1278 279 1340 spes
314 1257 353 1320 ad
380 1257 592 1320 resistendum
622 1257 679 1340 sit,
711 1256 768 1340 qui
796 1256 925 1320 mallem
957 1259 1064 1319 tantas
1092 1254 1122 1318 11

111 1345 197 1408 vires
219 1366 287 1408 non
313 1344 451 1409 dedisset
478 1367 575 1428 quam
601 1366 687 1408 nunc
713 1349 781 1407 tam
804 1344 925 1408 valenti
948 1344 1121 1408 resisteret.

112 1431 188 1517 Sed,
219 1432 371 1516 quonium
397 1453 448 1496 res
481 1455 519 1497 eo
547 1432 681 1498 deducta
708 1437 770 1516 est,
802 1453 867 1495 non
894 1453 1058 1515 quaeram,
1085 1434 1157 1495 uto

70 1546 97 1587 11
113 1520 241 1586 scribis:

309 1626 400 1691 ’Ποῦ
423 1627 549 1710 σκάφος
571 1627 607 1690 τὸ
632 1637 699 1690 τῶν
720 1623 927 1710 Ἀτρειδῶν;’

113 1784 193 1849 mihi
212 1785 338 1868 σκάφος
356 1806 455 1847 unum
474 1783 544 1866 erit,
567 1782 653 1866 quod
672 1806 690 1846 a
708 1781 861 1865 Pompeio
881 1780 1122 1865 gubernabitur.

113 1871 198 1938 lllud
225 1873 332 1956 ipsum
366 1871 452 1955 quod
479 1871 541 1935 ais:
574 1870 673 1946 ‘Quid
699 1871 769 1955 fiet,
801 1892 873 1934 cum
901 1869 961 1933 erit
988 1869 1122 1933 dictum:

113 1961 191 2045 D1c,
218 1960 261 2025 M.
285 1958 433 2024 Tvnnrl’
458 1997 499 2006 —
523 1959 683 2043 σύντομαε
713 1957 965 2024 Ὃ11.Ρο111111
996 1973 1123 2021 insnu-

72 2076 100 2114 ao
115 2049 219 2115 rron?
264 2046 374 2132 Ipsum
397 2053 505 2112 tamen
526 2046 715 2130 Pompeium
738 2046 911 2130 separatim
933 2046 973 2109 ad
996 2067 1123 2109 concor·

114 2137 199 2202 diam
221 2137 385 2201 hortabor.
427 2134 479 2200 Sic
502 2136 587 2199 enim
611 2136 728 2220 sentio,
749 2155 900 2199 maxumo
924 2135 958 2198 in
980 2134 1122 2219 periculo

114 2246 181 2290 rem
200 2246 276 2289 csse.
305 2223 373 2288 Vos
392 2224 514 2288 scilicet
532 2224 634 2307 plura,
657 2224 713 2307 qui
731 2223 765 2287 in
784 2223 864 2286 urbe
882 2221 968 2286 estis.
1001 2221 1122 2286 Verum

114 2318 223 2376 tamen
243 2313 322 2376 haec
343 2312 449 2397 uideo,
476 2333 549 2376 cum
570 2311 700 2376 homine
724 2311 934 2375 audacissimo
958 2310 1122 2394 paratissi-

114 2423 231 2485 moque
252 2400 419 2485 negotium
443 2421 525 2485 esse,
553 2421 662 2463 omnes
690 2400 871 2483 damnatos,
898 2420 1008 2463 omnes
1031 2398 1122 2483 igno-

76 2514 102 2554 11
115 2489 215 2554 minia
233 2489 381 2567 adfectos,
402 2509 511 2551 omnes
531 2489 733 2552 damnatione
751 2487 992 2572 ignominiaque
1005 2486 1121 2570 dignos

115 2577 190 2642 illac
207 2577 320 2661 facere,
339 2598 465 2641 omnem
477 2577 542 2640 fere
555 2576 762 2659 iuventutem,
779 2597 906 2640 ornnem
919 2576 1009 2639 illam
1028 2575 1122 2638 urba-

115 2687 189 2730 nam
221 2686 258 2729 ac
290 2665 448 2748 perditam
478 2664 618 2750 plebem,
654 2664 802 2728 tribunos
836 2664 980 2728 valentes
1013 2663 1121 2726 addito

117 2751 150 2818 O.
173 2751 300 2835 Cassio,
330 2774 453 2836 omncs,
482 2753 537 2836 qui
566 2774 637 2815 1111
669 2752 773 2816 alieno
806 2756 1005 2836 premantur,
1038 2772 1120 2833 quos

116 2842 217 2923 pluris
246 2862 314 2905 esse
345 2841 510 2924 intellege,
538 2862 634 2922 quam
666 2843 814 2924 putaram
841 2838 990 2926 (causam
1019 2840 1124 2902 solum

77 2955 103 2993 ac
115 2929 173 2992 illa
207 2951 302 2994 causa
336 2950 403 2993 non
439 2928 552 3012 habet,
588 2929 701 2992 1111111
734 2928 830 2992 rebus
862 2923 1037 3012 abundat),
1071 2926 1124 2990 hic

61 3028 65 3034 '
117 3017 223 3082 omnia
256 3019 359 3082 facere
391 3038 517 3101 omnes,
548 3038 588 3079 ne
621 3016 717 3079 armis
751 3016 950 3100 decernatur3
987 3036 1124 3098 quorum

116 3105 220 3170 exitus
258 3126 382 3189 semper
410 3105 539 3189 incerti,
572 3125 657 3168 nunc
686 3126 762 3169 vero
795 3104 893 3168 etiam
924 3103 958 3167 in
991 3103 1126 3166 alteram

122 3197 246 3277 partem
268 3194 371 3278 magis
395 3193 537 3257 timendi.

182 3282 318 3346 Bibulus
342 3282 380 3344 dc
402 3280 567 3364 provincia
591 3280 740 3364 decessit,
767 3278 979 3343 Veientonem
1006 3278 1127 3360 praefe-

77 3395 104 3434 11
118 3369 173 3454 cit,
203 3371 239 3433 in
261 3368 439 3434 decedendo
462 3368 536 3452 erit,
559 3373 596 3432 ut
620 3368 727 3452 audio,
755 3367 884 3431 tardior.
931 3364 1031 3441 Quem
1054 3385 1127 3427 cum

118 3458 243 3522 ornavit
268 3455 359 3542 Cato,
386 3456 558 3521 declaravit
581 3456 621 3519 iis
646 3477 679 3519 se
703 3455 781 3519 solis
799 3476 865 3518 non
884 3453 1035 3536 invidere,
1058 3451 1128 3534 qui-

173 3570 219 3611 Cic.
234 3571 300 3619 epist.
314 3571 346 3611 11.
935 3559 968 3606 13
