2560 3880
296 117 554 192 arverunanun
572 139 827 194 1111111111
847 146 888 194 15.
1033 139 1096 204 541
1271 127 1272 130 ‘

85 282 150 345 sito
174 284 262 344 metu
280 280 447 364 praeteriti
465 282 599 364 periculi
618 281 716 347 fuerit
736 282 880 347 oblitus?
917 283 1097 348 Accedebat
1136 301 1151 348 9

85 369 126 433 ad
156 369 303 433 beneficii
325 369 513 434 memoriam
536 374 663 454 gratam
685 371 769 434 ratio
792 371 862 457 illa,
895 392 976 454 quae
1000 373 1098 436 etiam

85 457 224 540 posteris
262 461 345 520 esset
382 458 542 522 salutaris.
596 457 736 522 L'xstare
769 459 854 522 enim
885 459 1032 524 volebam
1064 459 1099 523 in

85 544 323 609 crudelissimos
356 544 467 610 hostes
504 547 702 611 monimenta
734 546 799 610 odii
830 546 952 630 publici
985 547 1099 630 sempi-

58 637 186 698 1111111.
228 631 380 716 Suspicor
402 633 484 698 illud
505 633 566 698 tibi
589 635 696 698 minus
718 634 859 719 probari,
882 635 969 718 quod
991 657 1010 699 1
1032 635 1098 700 tuis

86 721 314 807 familiaribus,
342 721 474 805 optimis
497 722 563 785 illis
588 722 718 805 quidem'
738 722 825 806 viris,
855 724 911 786 sed
933 724 1020 786 inre
1043 746 1099 806 pu-

87 809 171 874 blica
188 808 331 893 rudibus,
354 830 420 873 non
438 810 645 894 probabatur,
665 811 760 895 quod,
779 816 815 875 ut
835 811 945 876 ovanti
964 811 1099 875 introire

88 895 217 962 Caesari
239 897 357 982 liceret,
381 898 581 962 decreverim.
618 897 691 982 Ego
716 903 823 964 autem
847 897 918 984 (sed
941 921 1012 963 erro
1036 899 1099 962 for-

87 991 173 1050 tasse
195 1007 254 1050 nec
276 989 385 1049 tamen
407 985 435 1049 is
454 1007 534 1072 sum,
557 991 594 1050 ut
612 1009 683 1050 mea
701 1009 752 1050 me
770 987 908 1052 maxime
926 986 1085 1051 delectt
1015 986 1100 1073 tten)

46 1099 74 1137 10
87 1073 171 1137 nihil
193 1073 274 1137 mibi
296 1073 407 1138 videor
429 1073 492 1138 boc
515 1074 600 1138 bello
625 1076 762 1139 sensisse
785 1075 983 1158 prudentius.
1034 1073 1100 1139 Our

89 1165 197 1226 autem
223 1162 341 1225 1111111
346 1162 607 1313 ,aperiendumt
616 1184 683 1227 non
712 1167 775 1248 est,
801 1185 842 1226 ne
865 1163 968 1248 magis
990 1163 1100 1227 videar

88 1250 241 1333 providus
273 1211 372 1314 fuisde
405 1272 502 1333 quam
534 1254 607 1334 grat
608 1272 654 1314 us.
708 1216 820 1315 Hod
811 1273 919 1334 1psum
949 1251 1099 1334 nimium3

89 1360 187 1421 quaro
214 1337 277 1402 alia
303 1338 474 1402 videamus.
520 1337 559 1402 D
583 1339 686 1403 Bruto
714 1338 838 1403 decrevi
864 1339 1019 1426 honores,
1049 1339 1100 1402 de-

89 1427 174 1490 crevi
196 1425 230 1490 L
249 1425 377 1490 Planco
422 1425 590 1490 Praeclara
617 1426 674 1490 illa
697 1427 858 1528 quidem
850 1427 1002 1528 ingenia„
1019 1449 1100 1510 quac

48 1539 76 1579 15
90 1514 225 1599 gloria
215 1515 282 1578 mvi
283 1518 408 1599 tantur,
436 1515 492 1578 sed
516 1518 700 1578 senatust
669 1515 766 1579 etiam
790 1515 927 1602 sapiens,
949 1515 1015 1598 qui,
1038 1537 1101 1598 qua

91 1624 248 1686 quemque
275 1624 309 1666 re
336 1605 444 1686 putat,
475 1603 572 1667 modo
599 1602 748 1688 honesta,
781 1604 821 1668 ad
847 1604 1101 1686 rempublicam

90 1690 261 1756 iuvandam
284 1712 379 1774 posse
403 1690 525 1775 adduci,
547 1691 608 1755 hac
630 1691 741 1756 utitur.
785 1691 831 1755 At
853 1692 888 1754 in
910 1691 1031 1774 Lepido
1054 1713 1101 1755 re-

90 1778 330 1863 prehendimur;
353 1779 405 1842 oui
427 1801 500 1842 cum
521 1782 663 1843 statuam
682 1780 716 1842 in
733 1780 849 1844 rostris
867 1781 1102 1863 statuissemus,

90 1868 175 1931 idem
202 1866 291 1930 illam
311 1866 500 1930 'evertimus
549 1865 685 1931 Nosll
648 1867 685 1930 ill
685 1890 741 1931 um
769 1867 891 1931 honore
919 1868 1101 1932 studuimus

49 1978 110 2026 soa
140 1955 249 2018 furore
281 1977 437 2018 revocare
483 1953 571 2019 Vicit
558 1956 743 2020 tamentia
773 1955 928 2019 levissimi
960 1955 1101 2019 hominis

91 2047 235 2109 nostram
257 2043 475 2128 prudentiam3
507 2064 567 2107 neo
594 2046 702 2107 tamen
725 2044 885 2107 tantum
876 2047 965 2107 11111
933 2043 1103 2107 statuenda

90 2131 204 2214 Lepidi
231 2134 338 2196 statua
365 2095 486 2195 facturis
513 2134 562 2194 est
589 2131 667 2196 mali
695 2135 796 2214 quant
797 2154 852 2194 um
875 2131 910 2194 in
933 2135 1021 2195 evert
1008 2131 1103 2194 tenda

91 2220 177 2284 boni.

159 2307 246 2371 Satis
275 2306 379 2371 multa
405 2307 444 2370 de
470 2306 662 2392 honoribus,
693 2328 779 2370 nunc
806 2306 844 2370 do
871 2327 974 2389 poena
1002 2329 1102 2389 pauca
1122 2325 1156 2372 10

51 2419 78 2460 11
91 2395 223 2460 dicenda
256 2399 339 2458 sunt.
393 2394 542 2459 Intellexi
575 2395 660 2458 enim
692 2417 729 2458 ex
760 2394 825 2459 tuis
859 2415 953 2478 saepe
985 2395 1102 2458 litteris

91 2489 124 2548 te
147 2485 182 2547 in
204 2483 259 2568 iis,
290 2504 372 2566 quos
394 2482 480 2547 bello
505 2483 661 2568 devicisti,
684 2482 885 2548 clementiam
908 2487 999 2546 tuam
1021 2483 1103 2547 velle

91 2571 224 2636 laudari.
270 2569 432 2635 Existimo
461 2570 607 2653 equidem
634 2570 717 2634 nihil
745 2574 819 2634 ate
841 2571 906 2634 nisi
930 2571 1103 2654 sapienter,

93 2661 149 2724 sed
172 2659 300 2724 sceleris
323 2680 459 2742 poenam
482 2662 573 2742 praet
559 2659 669 2722 11111111
656 2663 737 2722 11111
761 2656 810 2742 (11
833 2659 918 2722 enim
936 2664 994 2744 est,
1018 2659 1104 2742 quod
1135 2723 1138 2736 ,

91 2752 225 2812 vocatur
246 2745 439 2834 ignoscere),
472 2746 656 2810 etiamsim
679 2751 728 2810 oet
730 2746 792 2810 eris
816 2747 912 2810 rebus
935 2747 1103 2811 tolerabile

51 2840 157 2920 coest,
187 2835 221 2898 in
252 2836 312 2900 hoo
345 2836 429 2900 bello
462 2835 698 2918 perniciosum
709 2838 798 2918 puto
850 2833 987 2899 Nullum
1018 2835 1104 2899 enim

91 2888 214 2988 bellum
237 2924 329 2988 civile
352 2923 447 2988 fuit
438 2946 473 2987 m
494 2927 607 2986 nostra
629 2945 664 2986 re
686 2922 815 3006 publica
839 2925 995 3007 omnium,
1023 2945 1103 3006 quae

92 3009 247 3076 memoria
269 3033 340 3075 mea
361 3012 505 3094 fuerunt,
532 3012 567 3074 in
591 3033 654 3098 quo
678 3011 763 3075 bello
786 3033 865 3095 non,
893 3034 914 3075 u
916 2975 1104 3092 traoiimque

92 3120 169 3184 pars
192 3099 332 3184 vicisset,
354 3103 463 3162 tamen
485 3099 593 3182 aliqua
616 3099 720 3162 forma
743 3104 827 3164 esset
849 3100 959 3163 futura
982 3099 1029 3161 rei
1047 3120 1104 3180 pu-

93 3188 204 3252 blicae.
242 3185 313 3250 Hoc
335 3187 421 3250 bello
444 3187 582 3252 victores
606 3209 702 3270 quam
725 3209 793 3250 rem
816 3186 979 3270 publicam
1003 3186 1103 3249 simus

50 3303 77 3342 ³5
91 3275 245 3358 habituri,
267 3297 333 3338 non
356 3275 448 3338 facile
472 3275 675 3359 adfirmarim,
698 3275 791 3339 victis
814 3279 898 3338 certe
921 3273 1011 3350 nulla
1033 3296 1104 3336 um-

93 3360 200 3447 quam'
214 3363 282 3427 1111.
328 3361 405 3426 Dixi
432 3363 533 3446 igitur
561 3363 737 3426 sententias
760 3364 795 3426 in
817 3361 1009 3447 Antonium,
1038 3361 1105 3425 dixi

92 3453 128 3516 in
149 3451 305 3536 Lepidum
329 3473 454 3516 severas
477 3472 580 3533 neque
602 3454 671 3514 tam
689 3450 862 3515 ulciscendi
881 3471 985 3534 eausa,
1009 3472 1105 3533 quam
