2564 3880
265 133 524 188 EPISTULARUM
543 134 593 187 AD
611 134 776 190 ATTICUM
794 136 860 191 XIV
880 143 922 204 18,
943 143 985 192 19.
1067 137 1132 201 457

114 280 199 343 ram!
238 277 316 362 Sed,
338 299 411 342 cum
434 299 473 342 ex
495 276 685 342 Dolabellae
709 278 804 342 aritia
834 276 896 365 (sio
921 279 1008 344 enim
1033 283 1071 344 tu
1094 281 1134 344 ad

115 389 167 430 me
204 364 392 452 scripseras)
429 388 548 452 magna
584 366 808 450 desperatione
845 367 989 432 adfectus
1022 390 1135 453 essem,

115 475 186 518 ecce
214 454 276 520 tibi
305 457 337 518 ct
360 453 456 517 Bruti
484 457 516 518 et
538 458 613 518 tuae
635 455 776 520 litterae!
813 453 873 518 Ille
897 455 1047 520 exsilium
1070 478 1133 520 me-

116 541 223 607 ditari.
269 540 338 607 Nos
367 545 476 606 autem
503 542 604 606 alium
625 547 758 626 portum
780 543 964 626 propiorem
985 543 1061 608 huic
1084 567 1133 608 ae-

87 631 178 694 stati
200 630 402 716 videbamus3
424 631 460 694 in
483 652 579 713 quem
601 632 732 695 mallem
754 631 902 715 equidem
924 631 1056 716 pervehi
1076 631 1133 697 flo-

113 723 206 783 rente
226 718 308 782 Brut
295 722 329 782 to
347 721 462 783 nostro
481 719 722 803 constitutaque
741 719 930 803 republica
966 717 1030 784 Sed
1047 742 1133 785 nunc

115 807 261 892 quidem,
290 809 328 870 ut
360 807 490 889 scribis,
521 828 588 871 non
620 808 790 872 utrumvis.
834 806 1018 872 Adsentrris
1047 808 1133 872 enirn

114 895 196 958 mihi
222 897 368 958 nostram
397 898 537 958 aetatem
559 918 578 959 a
601 897 730 982 castris,
757 897 950 980 pracsertim
972 896 1132 982 civilibus,

114 983 297 1047 abhorrere.

69 1097 100 1136 10
182 1069 345 1135 Antonius
364 1069 404 1134 ad
422 1092 474 1134 me
491 1075 620 1136 tantum
639 1071 678 1135 de
697 1069 812 1136 Clodio
830 1072 1004 1158 rescripsit,
1027 1073 1130 1136 meam
1150 1091 1166 1136 2

113 1159 283 1223 lenitatem
311 1162 343 1222 et
370 1158 573 1223 clementiam
601 1163 634 1223 et
665 1159 728 1223 sibi
751 1181 821 1224 esse
844 1164 971 1244 gratam
995 1160 1156 1224 etmihi.

113 1247 276 1330 voluptati
303 1267 440 1330 magnae
466 1247 545 1312 fore.
591 1245 654 1312 Sed
681 1247 786 1311 Pansa
812 1247 919 1311 furere
942 1248 1070 1312 videtur
1093 1249 1130 1312 de

113 1332 229 1399 Clodio
252 1335 396 1418 itemque
414 1335 453 1397 de
471 1335 627 1399 Deiotaro
645 1338 679 1400 et
696 1336 843 1419 loquitur
863 1357 980 1421 severe,
1004 1337 1032 1400 si
1049 1337 1130 1400 velis

112 1423 249 1488 credere,
286 1421 373 1487 Illud
395 1427 506 1486 tamen
527 1445 594 1488 non
616 1423 710 1508 belle,
732 1427 770 1487 ut
792 1423 873 1487 mihi
898 1424 1026 1507 quidem
1046 1424 1131 1490 vide<

70 1537 97 1577 ιι
112 1515 182 1596 tur,
218 1511 305 1595 quod
340 1512 462 1576 factum
493 1511 682 1576 Dolabellae
721 1511 926 1576 vehementer
958 1512 1129 1595 improbat.

111 1598 162 1663 De
195 1600 371 1684 coronatis,
402 1620 476 1663 oum
509 1600 629 1665 sororis
657 1603 732 1663 tuae
759 1599 847 1663 fflius
876 1621 895 1662 a
921 1603 1013 1682 patre
1041 1618 1165 1664 secu-3

112 1691 204 1752 satus
237 1691 330 1771 esset,
362 1687 529 1770 rescripsit
562 1709 595 1752 se
628 1709 780 1751 coronam
811 1687 964 1752 habuisse
996 1687 1129 1752 honoris

113 1773 262 1840 Caesaris
295 1797 404 1859 causa,
436 1776 584 1858 posuisse
616 1775 723 1839 luctus
751 1776 871 1860 gratia3
903 1778 1067 1858 postremo
1097 1798 1130 1839 se

111 1863 253 1928 libenter
288 1864 336 1928 ιιι
322 1867 452 1946 ttupera
438 1863 560 1927 tionem
598 1864 721 1946 subire,
759 1863 846 1946 quod
878 1867 999 1927 amaret
985 1864 1131 1927 tetiam

69 1979 97 2018 so
111 1955 279 2016 mortuum
303 1949 481 2016 Caesarem

180 2038 233 2103 Ad
255 2037 469 2126 Dolabellam,
491 2061 586 2122 quem
609 2039 649 2102 ad
667 2038 799 2104 modum
817 2039 879 2102 tibi
899 2039 978 2102 dicis
997 2038 1166 2124 placeres

113 2129 230 2211 scripsi
264 2127 443 2212 diligenter.
459 2092 566 2212 Dgo
599 2128 697 2191 etiam
725 2128 766 2191 ed
797 2125 984 2210 Siccam3t
970 2127 1033 2191 tibi
1068 2127 1131 2192 hoc

113 2216 221 2281 on'eris
253 2237 320 2279 non
351 2216 492 2299 impono.
542 2213 694 2281 Nolote
725 2215 819 2279 illum
851 2216 972 2279 iratum
1002 2214 1129 2280 habere.

113 2304 206 2370 Servi
234 2303 413 2368 orationem
436 2324 609 2404 cognosco3
642 2304 677 2367 in
700 2325 764 2386 qua
786 2303 861 2386 plus
884 2303 1013 2368 timoris
1036 2303 1129 2367 video

70 2419 97 2459 ιι
113 2414 213 2476 quam
235 2391 373 2457 consilii.
414 2389 485 2475 Sed,
509 2393 661 2474 quoniam
685 2391 850 2474 perterriti
874 2412 984 2454 omnes
1008 2403 1131 2478 sumus,

112 2480 278 2544 adsentior
302 2478 422 2544 Servio
468 2478 628 2543 Publilius
659 2484 765 2544 tecum
788 2479 924 2544 tricatus
952 2482 1010 2543 est.
1057 2478 1131 2544 Huc

112 2569 199 2632 enim
226 2565 383 2633 Caerellia
410 2567 509 2631 missa
537 2567 577 2630 ab
605 2567 678 2632 istis
707 2572 757 2632 est
784 2567 892 2652 legata
920 2567 960 2631 ed
982 2589 1047 2652 me3
1079 2567 1131 2631 oui

111 2656 371 2740 facilepersuasi
388 2655 470 2718 mihi
488 2655 530 2739 id,
555 2655 641 2738 quod
659 2659 800 2742 rogaret,
817 2677 859 2719 ne
876 2655 972 2720 licere
992 2656 1132 2742 quidem,
1175 2682 1176 2685 ¹

111 2767 180 2808 non
202 2745 297 2808 modo
320 2766 388 2809 non
410 2743 530 2808 lubere.
576 2743 756 2808 Antonium
780 2744 808 2807 si
831 2743 955 2827 videro,
983 2749 1131 2808 accurate

70 2861 98 2900 so
113 2853 209 2918 agam
231 2832 270 2896 de
292 2831 464 2896 Buthroto.

179 2921 284 2985 Venio
308 2920 348 2984 ad
366 2920 560 2984 recentiores
575 2918 720 3004 litteras3
744 2941 941 3002 quamquam
960 2919 998 2982 de
1018 2918 1129 2984 Servio
1150 2935 1165 2984 5

111 3010 178 3074 iam
200 3008 361 3091 rescripsi.
399 3008 463 3072 ‘Me
486 3008 590 3071 facere
608 3027 760 3092 magnam
777 3005 900 3092 πρᾶξιν
920 3007 1130 3071 Dolabellae?

111 3096 196 3162 Mihi
224 3095 405 3161 mehercule
432 3096 480 3159 ita
506 3095 647 3179 videtur,
674 3117 741 3158 non
768 3096 913 3179 potuisse
940 3095 1043 3159 maior
1071 3095 1130 3158 tali

110 3209 146 3251 re
179 3185 302 3268 talique
330 3187 483 3266 tempore.
534 3181 597 3248 Sed
623 3187 746 3265 tamen,
774 3183 928 3266 quioquid
957 3183 987 3246 ei
1010 3182 1129 3267 tribuo,

69 3300 96 3341 ιι
111 3274 223 3338 tribuo
250 3295 290 3337 ex
317 3273 384 3351 tuis
410 3271 540 3335 litteris.
586 3270 661 3334 Tibi
688 3292 765 3335 vero
789 3271 952 3335 adsentior
974 3270 1130 3333 maiorem

110 3361 233 3447 πρᾶξιν
260 3361 329 3424 eius
360 3360 444 3444 fore,
476 3359 504 3423 si
535 3357 632 3445 mihi,
662 3359 750 3441 quod
780 3359 904 3442 debuit,
936 3357 1129 3422 dissolverit.

109 3450 234 3515 Brutus
265 3448 363 3513 velim
392 3448 436 3511 sit
464 3446 613 3511 Asturae.
667 3445 760 3520 Quod
790 3450 898 3511 autem
927 3445 1040 3509 laudas
1070 3461 1165 3532 me,6
