2568 3888
265 166 525 221 EPISTULARUM
542 167 593 220 AD
613 167 776 222 ATTIOUM
794 169 808 222 Ι
827 175 868 238 19,
889 175 930 225 20.
1082 173 1125 236 35

97 308 366 394 celebrabantur,
395 309 461 373 iam
493 309 548 374 diu
580 310 651 375 fieri
687 311 860 376 desierunt.
916 311 966 377 Τιι
997 316 1027 379 si
1059 315 1125 380 tuis

96 397 272 461 blanditiis
300 401 410 462 tamen
437 419 457 461 a
480 395 640 482 Sicyoniis
663 400 905 464 nummulorum
929 401 1051 485 aliquid
1074 425 1126 467 ex·
1249 468 1252 478 ,

96 486 271 570 presseris,
294 485 392 550 velim
414 507 466 550 mo
487 486 587 550 facias
612 487 789 552 certiorem.

168 571 450 638 Commentarium
467 574 654 640 consulatur
677 576 742 640 mei
766 573 885 640 Graeco
908 578 1125 660 compositum
1144 595 1177 644 ιο

70 662 176 729 emisi
201 663 244 726 ad
266 666 307 727 ιθ.
353 661 393 726 In
416 683 480 746 quo
505 663 533 727 si
557 663 635 748 quid
658 663 729 750 erit,
755 664 842 748 quod
863 664 989 728 homini
1012 664 1123 730 Attico

97 751 211 815 minus
227 748 387 815 Graecum
404 750 630 837 eruditumque
648 751 804 838 videatur,
821 773 889 817 non
907 753 1019 838 dicam,
1038 754 1125 836 quod

97 840 180 925 tibi,
206 843 246 903 ut
273 839 403 925 opinor,
428 838 604 904 Panhormi
632 838 786 905 Lucullus
814 841 853 904 de
881 841 948 906 suis
976 840 1123 907 historiis

97 927 239 1011 dixerat,
262 949 305 1014 se,
326 949 391 1012 quo
409 927 538 992 facilius
556 929 630 992 illas
649 929 802 1012 probaret
824 927 964 994 Romani
981 929 1122 995 hominis

98 1037 187 1102 esse,
213 1015 332 1081 idcirco
359 1014 498 1080 barbara
526 1017 681 1100 quaedam
710 1021 742 1081 et
769 1016 896 1082 soloeca
921 1018 1123 1103 dispersisse3

57 1131 84 1170 ro
98 1103 189 1188 apud
216 1125 269 1168 me
298 1103 326 1168 si
354 1103 432 1188 quid
456 1105 517 1168 erit
541 1104 733 1192 eiusmodi,
761 1127 813 1170 me
835 1106 1038 1190 imprudente
1062 1107 1123 1171 erit

97 1197 132 1257 θι
155 1193 272 1257 invito.
318 1189 469 1256 Latinum
495 1193 522 1256 si
545 1193 724 1279 perfecero,
746 1193 786 1257 od
809 1197 841 1257 ιθ
864 1194 1001 1260 mittam.
1048 1194 1123 1259 Ter-

97 1281 186 1345 tium
218 1285 334 1364 poema
366 1284 565 1367 exspectato,
595 1303 636 1346 ne
669 1281 755 1365 quod
787 1302 889 1366 genus
922 1305 940 1346 a
971 1304 1022 1346 me
1049 1283 1121 1367 ipso

98 1369 208 1434 landis
233 1389 323 1432 meae
344 1369 631 1452 praetermittatur.
678 1369 741 1433 Hic
766 1373 803 1432 ιιι
827 1391 902 1434 cave
925 1371 1025 1435 dicas:
1049 1373 1122 1448 Ὓίς

97 1455 216 1543 πατέρ’
243 1457 398 1540 olorinas
431 1455 466 1522 Si
490 1462 539 1522 est
563 1457 648 1521 enim
672 1457 757 1541 apud
779 1458 925 1522 homines
950 1459 1122 1544 quiequam

58 1571 84 1612 ιι
100 1547 190 1630 quod
218 1546 329 1628 potius
357 1546 414 1630 sit,
441 1545 603 1631 laudetur,
629 1566 690 1610 nos
717 1547 948 1630 vituperemur,
977 1548 1122 1630 quinon

99 1634 214 1719 potius
238 1633 302 1697 alia
324 1633 515 1698 laudemus?
556 1633 758 1718 Quamquam
784 1656 851 1699 non
882 1633 1121 1719 ἐγκωμιαστικὰ

99 1726 178 1786 sunt
201 1721 290 1807 haec,
314 1721 370 1785 sed
394 1723 552 1808 ἱστορικά,
577 1743 659 1806 quae
682 1722 861 1786 scribimur.

168 1809 309 1886 Quintus
332 1809 433 1874 frater
450 1813 570 1895 purgat
589 1831 623 1875 se
646 1810 728 1874 mihi
749 1831 807 1894 per
829 1810 956 1874 litteras
977 1813 1009 1874 θι
1028 1811 1121 1875 adfir-
1140 1828 1173 1876 11

97 1903 168 1963 mat
203 1898 289 1962 nihil
326 1920 345 1962 a
382 1919 416 1962 ιθ
447 1899 598 1982 cuiquam
630 1898 668 1962 de
699 1902 733 1962 ιθ
765 1919 854 1962 secus
889 1919 959 1962 esse
991 1898 1120 1964 dictum.

57 2014 85 2054 ιο
98 1986 223 2052 Verum
254 1986 334 2050 haec
364 1986 460 2051 nobis
493 2008 600 2051 coram
634 2009 758 2050 summa
791 2008 867 2050 cura
894 1989 926 2050 et
954 1986 1122 2072 diligentia

98 2080 177 2140 sunt
200 2075 338 2160 agenda3
362 2078 400 2138 tu
417 2075 514 2140 modo
531 2097 592 2139 nos
611 2075 715 2138 reviso
734 2074 914 2158 aliquando,
952 2073 1120 2141 Cossinius

97 2164 164 2249 hic,
192 2164 245 2228 oui
269 2163 342 2226 dedi
364 2162 504 2248 litteras,
531 2158 624 2227 valdo
646 2162 728 2228 mihi
751 2163 855 2227 bonus
878 2162 976 2227 homo
1000 2167 1032 2227 et
1054 2186 1121 2229 non

96 2253 178 2317 levis
199 2256 236 2317 ·θι
260 2272 372 2316 amans
395 2251 445 2316 tui
467 2252 557 2316 visus
582 2255 631 2315 est
654 2250 790 2336 situlis,
815 2251 942 2335 qualem
961 2273 1030 2316 esse
1049 2273 1121 2317 eum

96 2346 173 2406 tuae
195 2339 281 2405 mihi
303 2340 433 2404 litterae
454 2340 653 2404 nuntiarant.
700 2338 812 2403 Idibus
835 2337 970 2405 Martiis.

58 2634 82 2674 ro
576 2603 646 2668 XX.

338 2723 395 2779 Sor.
415 2724 570 2779 Romarm.
591 2724 674 2778 Maio
693 2741 718 2778 a.
739 2727 793 2778 694
812 2727 882 2794 (60).

424 2845 552 2901 CICERO
572 2845 705 2901 ATTICO
724 2847 798 2901 SAL.

162 2957 247 3023 Cum
282 2977 298 3021 e
329 2954 526 3039 Pompeiano
559 2976 610 3019 me
642 2953 780 3020 Romam
812 2956 1003 3039 recepissem
1033 2979 1059 3021 a.
1091 2957 1153 3023 d.1

96 3065 147 3111 nn
164 3044 244 3111 Idus
264 3044 379 3128 Maias,
402 3041 532 3108 Cincius
554 3046 665 3108 noster
684 3065 753 3109 eam
771 3043 854 3107 mihi
872 3044 930 3108 abs
948 3048 982 3109 ιθ
1001 3045 1120 3128 epistu-

59 3136 159 3200 rolam
180 3131 334 3218 reddidit,
358 3153 454 3216 quam
473 3135 510 3196 ιιι
545 3130 656 3196 Idibus
676 3130 768 3196 Febr.
793 3132 931 3196 dederas.
969 3131 1012 3196 Ei
1034 3155 1119 3197 nuno

97 3223 257 3308 epistulae
280 3220 400 3285 litteris
423 3219 475 3283 his
499 3220 707 3303 respondebo.
745 3218 793 3284 Ac
811 3220 952 3303 primum
969 3219 1031 3285 tibi
1050 3243 1119 3304 per-

98 3314 244 3395 spectum
276 3329 346 3373 esse
373 3307 528 3372 iudicium
555 3307 594 3371 de
621 3312 654 3372 te
676 3329 784 3372 meum
807 3308 922 3393 laetor,
950 3308 1063 3372 deinde
1086 3313 1119 3372 te

96 3400 129 3464 in
146 3400 188 3465 iis
208 3398 319 3482 rebus,
343 3396 523 3480 quaemihi
547 3396 691 3479 asperius
716 3395 853 3460 anobis
877 3400 973 3480 atque
996 3396 1117 3459 nostris

97 3493 127 3552 θι
145 3485 357 3552 iniucundius
377 3489 466 3548 actae
483 3483 685 3570 videbantur,
705 3483 999 3547 moderatissimum
1018 3483 1118 3546 fuisse

921 3585 955 3637 3*
