2578 3886
266 144 527 200 EPISTULARUM
545 145 596 198 ΑΙ)
615 143 776 200 ATTIOUM
795 144 835 198 XI
854 151 931 200 7-9.
1048 146 1115 211 333

28 307 31 314 ·
84 289 191 354 rando
224 288 369 353 dolorem
400 291 432 352 et
464 288 548 352 faoio
582 288 680 352 etiam
708 286 778 353 tibi.
831 287 936 365 Quare
967 289 1006 353 ad
1033 290 1115 353 illud

84 379 195 442 redeo.
243 375 342 460 Oura,
370 379 407 440 ut
434 375 532 440 huius
560 375 608 440 rei
631 397 727 440 eausa
750 376 857 440 dedita
883 399 980 460 opera
1003 377 1115 442 mittat

87 466 231 550 aliquem
260 465 392 530 Balbus,
439 464 492 529 Ad
515 485 598 548 quos
621 463 799 549 videbitur,
828 465 926 529 velim
948 487 1039 530 eures
1062 466 1115 530 lit

86 558 178 619 teras
200 574 274 618 meo
297 553 437 616 nomine.
484 551 575 616 Vale.
622 570 686 616 xm
709 552 781 618 Kal.
799 551 867 618 Ian.

58 756 72 797 a
575 727 631 792 IX.

272 849 329 904 Ser.
345 849 485 904 Βιιιοιιιοι
502 849 559 902 ΙΠ
574 849 648 903 Non.
663 849 727 904 Ian.
744 867 770 903 a.
786 853 842 904 707
862 854 932 919 (47).

415 970 543 1026 CICERO
564 969 695 1025 ATTICO
717 970 790 1026 SAL.

157 1079 231 1164 Ego
256 1101 332 1144 uero
357 1084 389 1144 et
412 1080 553 1162 incaute,
584 1083 621 1142 ut
645 1079 771 1165 scribis,
794 1084 827 1145 et
849 1081 993 1167 celerius,
1017 1098 1145 1164 quam1

10 1205 11 1210 ι
89 1171 224 1252 oportur
189 1168 252 1253 uit,
280 1168 343 1234 feei
364 1189 424 1232 neo
446 1168 478 1232 in
504 1131 571 1232 ulla
594 1189 667 1231 sum
692 1190 757 1254 spe,
780 1169 901 1270 quippe
924 1169 981 1252 qui
1004 1190 1114 1254 excep-

44 1261 103 1324 10t
89 1257 237 1320 tionibus
266 1256 350 1321 ediot
335 1260 445 1321 torum
472 1256 620 1320 retinear.
668 1254 756 1331 Quae
786 1257 815 1320 si
841 1278 908 1321 non
936 1261 1044 1321 essent
1067 1280 1114 1322 se-

9 1357 11 1422 }
90 1344 229 1408 dulitate
196 1345 393 1410 teffeotae
426 1347 459 1409 et
444 1343 706 1408 tbenivolentia
736 1343 861 1428 Vatini,
892 1345 1004 1409 lioeret
990 1346 1113 1410 tmihi

90 1432 181 1497 abire
204 1433 242 1497 in
264 1432 459 1497 solitudines
483 1432 616 1516 aliquas.
653 1430 750 1496 Nune
769 1455 809 1496 ne
828 1432 861 1496 id
880 1432 1010 1516 quidem
1027 1433 1112 1499 lieet.

8 1559 10 1616 3
90 1519 175 1597 Quid
206 1524 313 1584 autem
342 1542 393 1585 me
422 1521 527 1605 iuvat,
555 1521 641 1604 quod
669 1524 744 1584 ante
766 1520 886 1585 initum
909 1521 1112 1586 tribunatum

8 1635 10 1656 =
89 1609 174 1695 veni,
197 1608 227 1673 si
249 1609 365 1694 ipsum,
390 1609 475 1693 quod
499 1608 581 1692 veni,
604 1609 688 1672 nihil
709 1608 822 1672 iuvat?
854 1608 924 1672 Iam
947 1608 1025 1691 quid
1044 1631 1113 1693 spe-

47 1724 76 1764 15
91 1719 160 1762 rem
184 1696 225 1761 ab
249 1718 297 1782 eo,
329 1698 385 1781 qui
407 1696 489 1761 mihi
513 1696 634 1762 amicus
656 1717 834 1779 numquam
856 1697 929 1782 fuit,
951 1717 1025 1760 oum
1047 1697 1113 1761 iam

90 1785 162 1870 lege
191 1784 290 1849 etiam
319 1786 382 1849 sim
410 1786 574 1849 confectus
602 1788 635 1848 et
664 1784 860 1868 oppressus?
900 1783 1019 1850 Cotidie
1046 1783 1112 1848 iam

90 1873 187 1938 Balbi
207 1873 316 1937 adme
335 1873 464 1937 litterae
481 1872 710 1958 languidiores,
730 1873 915 1956 multaeque
933 1872 1111 1936 multorum

91 1962 131 2026 ad
159 1961 253 2025 illum
280 1962 420 2026 fortasse
443 1965 555 2026 eontra
577 1982 637 2025 me.
683 1959 756 2025 Meo
780 1961 862 2024 vitio
885 1981 996 2045 pere03
1027 1959 1112 2024 nihil

90 2050 172 2114 mihi
200 2049 280 2114 mali
306 2070 399 2114 casus
426 2049 551 2134 attulit,
580 2049 689 2113 omnia
719 2049 814 2133 eulpa
837 2052 1003 2113 eontracta
1026 2051 1111 2112 sunt.

49 2165 78 2204 ιο
92 2138 165 2222 Ego
194 2137 295 2223 enim,
323 2160 395 2203 oum
419 2158 521 2222 genus
544 2137 622 2202 belli
645 2137 800 2224 viderem,
826 2138 986 2222 imparata
1009 2140 1042 2201 et
1064 2137 1111 2200 in-

90 2227 186 2290 firma
209 2190 317 2290 omnia
342 2229 454 2290 eontra
476 2225 715 2312 paratissimos,
745 2189 938 2310 stdtueram,
967 2225 1044 2309 quid
1067 2226 1111 2290 fa-

91 2336 210 2400 cerem,
247 2334 458 2398 oeperamque
494 2314 665 2378 eonsilium
697 2336 764 2378 non
795 2317 865 2378 tam
896 2315 981 2378 forte
1014 2336 1111 2398 quem

90 2402 173 2466 mihi
196 2405 287 2504 praet
289 2423 323 2466 er
347 2406 470 2467 eeteros
494 2402 737 2466 eoncedendum.
776 2399 867 2467 Oessi
885 2403 966 2467 meis
985 2403 1037 2467 vel
1055 2424 1110 2485 po
1130 2421 1145 2466 ι

91 2491 158 2554 tius
177 2490 279 2573 parui
316 2489 369 2553 Ex
389 2490 507 2574 quibus
525 2512 610 2554 unus
630 2513 693 2574 qua
711 2494 820 2554 mente
838 2490 976 2576 fuerits
967 2512 995 2554 rs
1016 2511 1111 2574 quem

50 2603 77 2645 ιι
92 2582 129 2642 tu
92 2578 233 2642 tmihi
256 2578 469 2661 commendas,
492 2598 665 2662 cognosces
689 2601 730 2642 ex
752 2579 855 2663 ipsius
877 2579 1007 2664 litteris,
1031 2600 1111 2662 quas

92 2666 132 2731 ad
154 2671 188 2732 te
213 2670 245 2730 et
268 2667 308 2730 ad
332 2666 412 2731 alios
435 2629 534 2730 niisit.
578 2664 664 2742 Quas
688 2687 748 2750 ego
771 2689 950 2752 numquam
973 2667 1112 2751 aperuis-

92 2776 176 2842 sem,
205 2754 270 2818 nisi
297 2777 349 2818 res
377 2755 525 2819 astasio
552 2759 645 2818 esset.
623 2753 830 2820 tDelatus
854 2760 904 2820 est
927 2755 967 2819 ad
989 2776 1041 2819 me
1064 2757 1112 2820 fa-

93 2807 239 2907 soiodlus.
278 2841 377 2928 Solvi,
401 2843 429 2906 si
453 2843 531 2944 quid
554 2843 593 2907 ad
613 2866 665 2908 me
684 2847 770 2908 esset
788 2843 843 2908 litt
829 2848 981 2908 t.erarum
1017 2841 1112 2907 Nihil

93 2935 172 3016 erat,
195 2931 335 3014 epistula
358 2930 434 2995 Vat
410 2931 492 2995 tmio
517 2935 549 2996 et
572 2930 706 3017 Ligurio
731 2932 841 2997 altera
882 2931 968 2997 Iussi
992 2932 1032 2995 ad
1056 2954 1111 2996 eos

52 3045 78 3085 ao
92 2983 217 3084 defeiri.
267 3019 322 3083 Illi
352 3019 392 3083 ad
419 3041 471 3084 me
501 3020 613 3083 statim
641 3020 788 3084 ardentes
817 3021 927 3085 dolore
953 3023 1112 3085 venerunt

93 3107 197 3172 soelus
219 3106 361 3172 hominis
386 3107 525 3172 clamant
511 3111 573 3172 t·es
566 3109 682 3192 ‚epist
668 3108 754 3173 tulas
777 3108 890 3172 mihil
891 3129 1011 3193 egerun
1013 3109 1111 3191 tpl-e

91 3216 151 3260 nas
180 3195 324 3260 omnium
351 3195 386 3259 in
409 3218 460 3260 me
483 3158 687 3280 probiorum
732 3195 796 3260 Ηιο
819 3197 972 3281 Ligurius
995 3196 1111 3259 furere.

93 3281 146 3348 Se
177 3284 263 3348 enim
294 3285 374 3349 scire
402 3305 528 3348 summo
556 3284 687 3348 illum
678 3307 714 3348 ιιι
741 3285 814 3349 odio
841 3285 944 3349 fuisse
972 3280 1111 3347 Caesari.

91 3369 190 3436 Illum
212 3375 323 3437 tamen
344 3393 413 3436 non
434 3372 530 3437 modo
553 3372 686 3458 favisse,
714 3372 824 3437 sedt
792 3373 890 3438 etiam
912 3373 1039 3436 tantam
1061 3370 1111 3434 illi

52 3485 77 3526 ιι
91 3457 261 3544 peouriiam
285 3459 410 3526 dedisse
433 3459 568 3525 honoris
591 3461 655 3525 mei
674 3463 788 3526 eausa?
826 3460 898 3524 Ηοο
921 3479 981 3542 ego
1001 3458 1112 3522 dolore
