2564 3880
260 153 522 214 amarunaaun
540 155 590 208 An
609 119 774 210 urrisun
792 156 906 225 111116,
927 163 968 210 16.
1059 158 1124 222 375

101 297 150 364 Fit
173 297 272 364 velim
295 297 481 383 aliquando,
510 320 583 362 cum
606 299 668 364 orit
691 303 785 363 tuum
808 300 1021 384 commodum,
1044 298 1125 364 Len-

105 387 212 450 tulum
230 407 367 470 puerum
384 387 471 451 visas
491 387 584 469 eique
603 387 641 452 de
660 387 839 473 mancipiis,
858 410 939 471 quae
958 389 1021 452 tibi
1039 389 1124 454 vide·

106 471 205 561 bitur,
227 475 396 539 attribuas.
442 474 553 558 Piliae,
576 473 705 540 Atticae
728 476 873 540 salutem.

557 686 676 752 XXIX.

77 815 92 857 ὅ
297 807 355 863 Sor.
370 807 491 863 1161116616
513 809 594 862 VIII
608 808 646 862 K.
661 807 731 876 Apr.
746 826 771 862 a.
788 811 843 863 709
863 810 932 876 (15).

411 930 557 986 CICERO
574 929 721 985 ATTICO
739 930 822 985 SAL.

175 1036 288 1126 Silius,
314 1042 352 1103 ut
382 1039 512 1126 scribis,
537 1038 642 1103 hodie.
689 1036 768 1102 Cras
796 1039 912 1124 igitur,
939 1037 992 1102 vel
1013 1037 1124 1126 potius
1145 1057 1159 1104 1

106 1148 181 1190 cum
208 1127 342 1214 poteris,
370 1127 504 1214 scribes,
532 1127 560 1190 si
584 1125 663 1210 quid
686 1127 761 1211 erit,
789 1149 863 1191 oum
885 1126 1012 1191 videris.
1056 1123 1126 1190 Nec

106 1235 167 1298 ego
192 1214 329 1280 Brutum
357 1216 425 1280 vito
453 1237 512 1279 nec
541 1219 651 1279 tamen
681 1215 721 1278 ab
746 1236 783 1278 eo
806 1215 1002 1279 levationem
1024 1214 1125 1278 ullam

63 1329 91 1367 10
106 1306 269 1389 exspecto,
294 1303 349 1368 sed
373 1307 464 1368 erant
483 1307 610 1388 causae,
633 1325 689 1366 cur
712 1303 774 1367 hoc
796 1307 943 1387 tempore
960 1302 1036 1366 istic
1055 1323 1125 1367 esse

104 1391 235 1454 nollem,
280 1390 367 1467 Quae
397 1393 425 1455 si
452 1391 641 1474 manebunt,
670 1391 851 1474 quaerenda
874 1391 936 1455 erit
959 1392 1124 1455 excusatio

106 1479 147 1542 ad
170 1478 317 1566 Brutum,
340 1483 381 1563 et,
406 1483 442 1544 ut
464 1500 550 1544 nunc
574 1483 632 1562 est,
654 1500 825 1543 mansurae
848 1478 1006 1543 videntur.

173 1566 224 1632 De
245 1568 359 1653 hortis,
390 1589 520 1653 quaeso,
544 1568 675 1650 explica.
723 1567 828 1650 Caput
852 1567 933 1630 illud
956 1571 1014 1649 est,
1038 1568 1159 1650 quoda

106 1655 178 1719 scis.
222 1653 384 1742 Sequitur,
411 1660 448 1719 ut
471 1657 571 1720 etiam
593 1655 761 1738 mihiipsi
785 1654 937 1738 quiddam
961 1676 1042 1738 opus
1067 1655 1123 1738 sit;

65 1768 91 1808 15
105 1766 165 1808 nec
193 1745 279 1807 enim
307 1765 375 1808 esse
403 1745 439 1807 in
456 1745 563 1822 ¹turba
588 1765 724 1827 possum
752 1765 812 1808 nec
830 1767 858 1807 a
885 1742 978 1807 vobis
1002 1743 1122 1806 abesse.

105 1831 192 1896 Huic
219 1854 290 1896 meo
321 1832 457 1896 consilio
484 1832 569 1896 nihil
598 1832 723 1915 reperio
753 1831 819 1896 isto
842 1831 914 1895 loco
938 1830 1060 1916 aptius,
1090 1834 1123 1894 et

107 1920 144 1983 de
172 1919 234 1983 hac
261 1943 295 1984 rc
323 1921 400 2004 quid
427 1921 477 1984 tui
504 1920 630 1984 consilii
658 1920 710 1983 sit.
755 1919 839 1983 Mihi
861 1940 1051 2002 persuasum
1075 1921 1124 1982 est

105 2012 138 2071 et
167 2029 204 2072 eo
233 2010 352 2093 magis,
383 2008 471 2092 quod
498 2008 582 2072 idem
605 2007 752 2071 intellexi
774 2007 836 2070 tibi
859 2007 974 2090 videri,
1006 2029 1057 2071 me
1081 2006 1122 2069 ab

106 2094 213 2180 Oppio
246 2101 278 2160 et
305 2096 408 2161 Balbo
436 2096 529 2160 valde
557 2096 657 2180 diligi.
708 2093 791 2159 Cum
816 2095 869 2158 his
899 2094 1124 2178 communices,

65 2188 230 2268 aequante
254 2206 350 2268 opere
373 2189 405 2248 et
429 2207 526 2268 quare
548 2185 647 2249 velim
670 2184 797 2268 hortos3
822 2183 878 2248 sed
900 2183 933 2246 id
953 2183 1001 2247 ita
1019 2205 1123 2266 posse,

105 2273 133 2336 si
157 2272 346 2356 expediatur
369 2273 450 2337 illud
468 2271 696 2358 Faberianum3
720 2273 827 2336 sintne
850 2271 952 2356 igitur
975 2276 1122 2335 auctores

104 2360 218 2425 futuri.
257 2359 291 2425 Si
314 2382 379 2444 qua
402 2361 499 2425 etiam
521 2361 645 2424 iactura
663 2360 808 2425 facienda
827 2359 870 2424 sit
888 2360 923 2423 in
941 2381 1123 2442 repraesen-

104 2449 215 2534 tand0,
238 2449 344 2532 quoad
368 2453 515 2534 possunt,
538 2448 701 2534 adducit03
728 2453 837 2512 totum
860 2448 946 2512 enim
968 2447 1050 2510 illud
1073 2447 1123 2510 de-

104 2541 279 2621 speratum.
316 2536 464 2620 Denique
486 2537 664 2622 intelleges,
688 2536 802 2620 ecquid
824 2536 981 2600 inclinent
1004 2536 1124 2601 adhoc

65 2647 214 2691 ameum
241 2625 413 2689 consilium
437 2617 660 2689 adiuvandum.
708 2624 743 2689 Si
766 2625 844 2708 quid
867 2625 941 2707 erit,
969 2646 1124 2709 magnum

104 2719 154 2778 est
179 2714 414 2799 adiumentum3
438 2715 466 2778 si
490 2713 607 2799 minus,
630 2734 831 2797 quacumque
849 2713 975 2778 ratione
994 2717 1124 2777 conten-

105 2802 227 2866 damus.
278 2801 341 2866 Vel
377 2806 414 2866 tu
446 2802 527 2865 illud
560 2800 763 2886 ‘dyyqpocpu’,
796 2823 893 2884 quem
925 2800 966 2864 ad
992 2802 1124 2865 modum

105 2889 276 2975 scripsisti,
297 2890 350 2954 vel
373 2890 533 2974 ἐντάφιον
555 2893 679 2973 putato
721 2889 771 2953 De
793 2889 851 2953 illo
875 2887 1017 2953 Ostiensi
1040 2889 1124 2953 nihil

106 2982 156 3043 est
179 2978 396 3062 cogitandum.
435 2978 471 3043 Si
488 2978 551 3042 hoc
568 2999 636 3042 non
654 2977 856 3061 assequimur
876 2975 909 3064 (a
928 2977 1040 3042 Lamia
1058 2999 1125 3041 non

68 3091 93 3132 a
105 3070 186 3150 puto
209 3065 330 3158 posse),
353 3066 544 3151 Damasippi
568 3066 797 3150 experiendum
821 3070 878 3130 est.
