2564 3880
179 195 246 258 464
504 196 541 249 Μ.
557 195 665 250 TULLI
683 195 876 251 CICERONIS

179 340 240 426 rai,
268 339 323 404 sed
350 340 453 404 totius
481 340 669 404 consulatus
698 340 757 404 sui.
804 336 888 403 Oum
915 337 1061 404 Antonio
1093 344 1199 403 autem

180 429 227 492 sie
250 450 392 514 agemus,
415 431 453 490 ut
476 428 661 511 perspiciat,
685 427 713 491 ai
737 428 771 491 in
794 449 832 492 eo
850 427 985 511 negotio
1003 427 1101 491 nobis
1122 427 1198 492 satis

179 516 305 600 feeerit,
337 520 444 581 totum
472 538 524 579 me
551 516 699 580 futurum
729 538 831 580 auum
877 515 1082 580 Dolabellam
1107 537 1197 599 spero

180 604 267 668 domi
290 626 368 669 esse.

144 708 160 756 3
246 691 426 756 Redeamus
450 691 491 756 ad
512 696 653 756 nostros.
689 690 739 757 De
763 692 881 776 quibus
905 696 943 756 tu
966 691 1088 755 bonam
1112 713 1228 774 spems

179 784 212 844 te
245 781 408 865 significas
440 779 558 844 habere
589 783 723 864 propter
750 781 929 845 edictorum
954 779 1196 844 humanitatem.

179 867 252 953 Ego
280 873 388 932 autem
415 869 578 952 perspexi,
606 890 678 933 eum
707 891 726 932 a
753 890 805 932 me
828 886 904 932 ΠΗ
925 867 997 932 Kal.
1023 868 1062 932 de
1084 867 1196 932 Puteo-

178 956 253 1020 lano
277 954 449 1040 Neapolim
471 955 595 1020 Pansae
626 955 835 1021 conveniendi
866 977 962 1021 eausa
984 957 1195 1040 proficiscare

179 1047 234 1107 tur
257 1043 397 1130 Hirtiae,
420 1065 547 1108 omnem
571 1045 640 1108 eius
665 1065 804 1109 sensum.
851 1043 970 1108 Seduxi
994 1043 1195 1109 animated

180 1154 292 1215 paoem
322 1155 394 1196 sum
422 1132 619 1197 cohortatus.
670 1132 747 1198 Non
774 1137 903 1217 poterat
932 1133 1055 1197 seilicet
1083 1153 1194 1216 negare
1206 1159 1226 1197 a

182 1241 215 1284 se
237 1221 320 1284 velle
343 1242 463 1304 paoem,
487 1221 631 1284 sednon
652 1221 760 1284 minus
784 1243 818 1286 se
841 1225 1028 1285 nostrorum
1052 1243 1141 1285 arma
1157 1221 1195 1284 ti-

180 1329 266 1372 mere
291 1331 388 1391 quam
410 1307 545 1395 Antoni,
567 1313 600 1373 et
623 1314 733 1374 tamen
756 1313 912 1393 utrosque
930 1331 997 1373 non
1016 1309 1086 1374 sine
1105 1331 1195 1373 eausa

181 1396 376 1479 praesidium
402 1396 535 1481 habere,
568 1418 602 1460 se
630 1401 739 1461 autem
767 1401 903 1482 utraque
932 1420 1022 1462 arma
1048 1402 1193 1463 metuere.

182 1484 266 1560 Quid
289 1485 441 1568 quaeris?
478 1481 580 1550 οὐδὲν
602 1485 702 1568 ὑγιές.

145 1588 162 1635 4
247 1571 297 1637 De
321 1573 441 1650 Quinto
465 1573 533 1637 filio
557 1573 620 1637 tibi
644 1573 813 1638 adsentior.
851 1573 941 1638 Patri
965 1574 1096 1658 quidem
1115 1577 1224 1637 cartes

181 1662 385 1744 gratissimae
421 1661 524 1726 bellae
560 1665 636 1726 tuae
672 1662 800 1726 litterae
831 1662 971 1726 fuerunt.
1025 1660 1194 1727 Caerelliae

179 1771 255 1813 vero
287 1750 381 1814 facile
414 1750 493 1813 satis
526 1749 602 1834 faoi,
633 1771 693 1814 nee
723 1750 816 1814 valde
843 1751 992 1815 laborare
1020 1750 1102 1814 mihi
1130 1751 1194 1814 visa
1261 1805 1262 1808 ,

180 1841 237 1920 est,
260 1842 302 1924 et,
326 1839 354 1902 si
376 1837 442 1922 illa,
466 1859 526 1923 ego
551 1842 636 1902 certe
658 1859 726 1901 non
748 1839 938 1903 laborarem.
984 1837 1089 1902 Istam
1112 1860 1193 1919 vero,
1261 1863 1262 1920 p

180 1947 277 2007 quam
304 1926 367 1990 tibi
394 1926 565 1990 molestam
594 1925 708 1990 scribis
735 1948 819 2012 esse,
852 1927 996 1991 auditam
1025 1949 1043 1990 a
1073 1931 1107 1992 te
1130 1947 1194 1990 esse

180 2014 312 2078 omnino
341 2015 489 2079 demiror.
540 2012 640 2099 Nam,
673 2014 760 2098 quod
787 2037 858 2079 eam
889 2014 1082 2079 conlaudavi
1114 2014 1224 2098 apuda

180 2103 299 2166 amieos
330 2102 536 2166 audientibus
559 2103 665 2166 tribus
688 2102 766 2166 filiis
790 2103 858 2167 eius
882 2107 915 2167 et
938 2103 1007 2166 filia
1029 2107 1103 2188 tua,
1129 2103 1193 2187 †al>
1260 2169 1261 2172 ,

179 2189 216 2254 ἐκ
238 2190 360 2255 τούτου
384 2190 462 2272 'quid
486 2195 535 2255 est
558 2190 642 2255 hoe?
1260 2213 1261 2220 ¹

278 2311 393 2388 ‘Quid
420 2317 481 2377 est
509 2318 649 2398 autem,
680 2335 746 2378 our
768 2335 838 2399 ego
868 2317 1103 2398 personatus

580 2402 801 2466 ambuleml'

143 2540 337 2604 tParumne
369 2541 463 2606 foeda
494 2564 633 2625 persona
662 2546 711 2606 est
739 2543 842 2626 ipsius
872 2544 1070 2608 senectutis?
1109 2544 1224 2621 Quoda

178 2627 300 2692 Brutus
329 2633 438 2713 rogat,
469 2635 507 2693 ut
531 2634 605 2694 ante
628 2631 804 2715 Kalendas,
831 2631 946 2694 adme
970 2653 1101 2716 quoque
1125 2633 1194 2698 sori-

179 2717 255 2800 psit,
278 2720 311 2780 et
333 2716 471 2781 fortasse
494 2718 618 2782 faeiem.
664 2717 726 2783 Sed
745 2720 849 2802 plane,
873 2719 951 2802 quid
969 2721 1058 2804 velit,
1081 2723 1193 2786 neseio.
1258 2761 1259 2772 .

180 2803 265 2880 Quid
284 2804 370 2868 enim
389 2805 439 2868 illi
458 2806 581 2870 adferre
600 2807 729 2871 eonsilii
748 2828 892 2892 possum,
905 2829 978 2872 oum
997 2807 1069 2891 ipsa
1088 2831 1193 2894 egeam

180 2891 330 2976 oonsilio,
357 2897 389 2956 et
416 2915 489 2957 aum
518 2894 572 2958 ille
603 2917 680 2959 auae
710 2895 939 2960 inmortalitati
962 2897 1078 2961 melius
1103 2921 1194 2982 quam

178 2984 292 3044 nostro
321 2981 388 3045 otio
417 2981 638 3046 consuluerit?
674 2982 724 3047 De
752 2984 865 3068 regina
887 3005 998 3047 rumor
1021 2987 1224 3072 exstingui-u

180 3071 242 3132 tur.
288 3067 338 3132 De
359 3067 516 3156 Flamma,
540 3071 672 3135 obsecro
695 3075 739 3158 te,
762 3072 790 3135 si
814 3072 893 3156 quid
915 3076 1017 3155 potes.
