2586 3886
191 160 256 224 140
513 157 551 214 M.
570 157 679 212 TULLI
696 155 885 212 CICERONIS

190 301 348 382 ‘desiduo'
377 303 413 367 in
445 323 546 366 unum
578 323 698 365 annum
730 301 905 365 meditatus
939 321 1018 364 sum.
1069 297 1224 364 Proinde

190 413 309 476 pugna,
331 412 381 476 ne,
405 391 434 455 si
457 390 535 474 quid
558 394 770 474 prorogatum
794 389 846 474 sit,
869 389 977 472 turpis
1000 389 1156 452 inveniar.

155 497 172 546 6
258 477 354 544 Nune
377 479 482 562 redeo,
505 478 545 542 ad
564 478 746 561 quaemihi
764 476 906 541 mandas.
943 477 1020 561 †in
1037 476 1220 560 praefectis

192 568 356 632 excusatio
379 567 430 651 iis,
453 587 535 650 quos
558 567 662 650 10111,
689 566 820 632 deferte.
865 565 943 632 Non
965 587 1020 630 ero
1044 569 1111 628 tarn
1134 588 1219 648 μετ-

193 657 307 742 έωρος,
335 678 432 740 quam
459 655 495 719 in
521 653 682 737 Appuleio
710 655 767 719 fui.
817 653 985 718 Xenonem
1011 657 1080 717 tam
1107 653 1217 737 diligo
1253 677 1271 718 5

193 767 290 829 quarn
313 749 360 828 tu,
384 743 470 827 quod
493 741 601 826 ipsum
624 743 743 806 sentire
761 745 850 808 certo
870 742 946 806 scio.
982 741 1080 825 Apud
1097 739 1218 805 Patro-

192 855 268 897 nem
291 836 324 896 et
347 831 490 915 reliquos
513 831 651 895 barones
674 835 707 895 te
725 832 760 894 in
777 830 919 895 maxima
937 830 1044 914 gratis
1062 830 1159 913 posui
1179 833 1217 893 et

192 920 322 985 hercule
353 920 470 983 merito
504 923 561 983 tuo
594 919 665 983 feci.
719 916 805 982 Nem
838 918 919 982 mihi
948 917 1033 982 Ister
1062 918 1144 982 dixit
1178 921 1217 982 te

193 1009 361 1092 scripsisse
385 1008 425 1071 ad
448 1028 482 1071 se
505 1007 588 1071 mihi
610 1027 649 1072 ex
672 1006 761 1070 illius
780 1006 899 1071 litteris
917 1028 986 1070 rem
1005 1007 1097 1071 illam
1115 1028 1216 1070 curae

192 1097 302 1181 fuisse,
334 1096 473 1179 quodsi
496 1099 684 1180 pergratum
708 1098 785 1160 erat.
831 1093 903 1179 Sed,
927 1116 1000 1160 curn
1022 1093 1121 1159 Patro
1144 1116 1216 1158 me·
1233 1121 1268 1161 10

192 1206 266 1248 curn
296 1185 430 1269 egisset,
459 1188 497 1247 ut
519 1188 662 1266 peterem
686 1206 705 1247 a
727 1187 836 1248 vestro
858 1182 1034 1268 Ariopago,
1060 1183 1217 1267 ὑπομνη-

192 1275 356 1357 ματισμὸν
389 1272 556 1357 tollerent,
589 1293 684 1356 quern
711 1270 925 1355 Polycharmo
953 1276 1103 1356 praetore
1129 1272 1218 1335 fece-

192 1364 280 1446 rant,
314 1360 513 1425 commodius
545 1360 652 1424 visum
684 1364 733 1423 est
766 1363 799 1423 et
825 1359 953 1424 Xenoni
981 1364 1013 1424 et
1040 1362 1116 1443 post
1144 1359 1216 1443 ipsi

192 1447 328 1513 Patroni
354 1470 408 1512 me
430 1447 470 1513 ad
492 1448 682 1513 Memmium
705 1448 858 1532 scribere,
887 1448 944 1532 qui
965 1449 1082 1532 pridie,
1111 1469 1214 1531 quarn

194 1558 254 1622 ego
277 1536 425 1602 Athenas
447 1537 535 1622 reni,
564 1536 740 1620 Mytilenas
763 1537 927 1619 profectus
951 1539 1032 1620 erat,
1055 1539 1093 1600 ut
1115 1537 1145 1600 is
1170 1537 1214 1600 ad
1232 1564 1265 1604 15

194 1647 270 1690 suos
294 1625 450 1692 scriberet
472 1646 568 1709 posse
591 1625 625 1689 id
647 1647 706 1689 sua
728 1625 894 1689 voluntate
912 1625 992 1690 fieri.
1028 1623 1106 1689 Non
1124 1625 1215 1689 enim

193 1714 365 1778 dubitabat
391 1713 497 1797 Xeno,
527 1713 607 1797 quin
634 1713 674 1776 sb
697 1711 899 1798 Ariopagitis
928 1713 1032 1778 invito
1055 1712 1214 1777 Memmio
1280 1769 1281 1772 ,

192 1802 362 1886 impetrari
378 1822 445 1866 non
463 1805 580 1884 posset.
617 1800 790 1866 Memmius
810 1805 917 1865 autem
936 1801 1123 1865 aedificandi
1137 1822 1215 1865 con·
1280 1799 1281 1802 ’

193 1891 302 1955 silium
323 1890 496 1974 abiecerat3
515 1889 570 1954 sed
589 1893 658 1953 erat
671 1888 806 1954 Patroni
819 1890 932 1954 iratus.
965 1888 1080 1974 Itaque
1094 1889 1213 1973 scripsi

194 1979 234 2042 sd
253 2001 327 2043 eum
347 1981 507 2062 accurate,
526 1977 618 2042 cuius
637 1978 795 2060 epistulae
813 1978 889 2042 misi
908 1978 948 2042 ad
965 1982 999 2042 te
1017 1977 1210 2060 exemplum.
1230 2007 1262 2045 20

157 2088 173 2136 7
259 2066 310 2130 'Pu
337 2067 435 2131 velim
462 2064 579 2130 Piliam
602 2067 683 2129 meis
706 2066 815 2130 verbis
838 2067 1011 2132 consolere.
1056 2065 1212 2130 Indicabo

194 2154 280 2218 enirn
302 2153 374 2239 tibi,
402 2153 618 2218 1111111111111
640 2154 766 2218 dixeris.
812 2152 932 2238 Accepi
955 2154 1151 2239 fasciculum,
1175 2155 1213 2218 in

193 2263 258 2324 quo
283 2246 352 2306 erat
375 2240 514 2325 epistula
535 2240 646 2307 Piliae.
687 2241 829 2328 Abstuli,
853 2243 973 2328 aperui,
996 2243 1070 2328 legi.
1106 2241 1212 2307 Valde
1279 2325 1280 2328 Ἴ

192 2330 314 2412 scripta
341 2333 391 2394 111
422 2337 617 2414 συμπαθῶς.
662 2329 836 2395 Brundisio
861 2352 943 2415 quae
965 2331 1029 2395 tibi
1051 2331 1212 2414 epistulae
1279 2347 1280 2366 *

192 2418 336 2482 redditae
358 2423 436 2482 sunt
459 2419 529 2482 sine
551 2440 632 2502 mea,
660 2423 731 2482 tum
754 2419 903 2484 videlicet
927 2420 1028 2504 datas,
1051 2440 1124 2483 cum
1148 2442 1209 2505 ego
1228 2447 1255 2487 11

191 2527 244 2569 me
270 2527 338 2570 non
365 2505 450 2570 belle
472 2506 633 2571 haberem.
679 2505 766 2572 Nam
789 2508 879 2572 iham
901 2508 925 2591 †
947 2531 1135 2592 cccccccccc
1157 2531 1210 2573 me

191 2594 431 2659 excusationem
453 2616 494 2658 ne
517 2595 683 2679 acceperis.
721 2593 815 2683 Oura,
838 2599 876 2661 ut
896 2596 1004 2661 omnia
1022 2597 1131 2682 sciam,
1154 2597 1211 2661 sed

190 2683 330 2747 maxime
353 2685 391 2746 ut
413 2682 528 2747 valeas.

663 2857 735 2925 XII.

324 2979 382 3036 Ser.
397 2981 429 3034 111
447 2980 536 3034 medin
554 2981 628 3034 mori
645 2981 713 3035 med.
728 2998 762 3034 m.
781 2980 875 3051 Quint.
891 2998 916 3035 a.
934 2983 988 3035 703
1009 2983 1078 3049 (51).
1224 2994 1250 3033 so

511 3102 640 3158 CICERO
660 3103 792 3159 ATTICO
813 3104 888 3160 SAL.

152 3231 168 3280 1
255 3209 435 3297 Negotium
467 3233 623 3297 magnum
656 3216 705 3276 est
731 3213 885 3297 navigare
914 3216 1011 3297 atque
1039 3212 1074 3277 id
1101 3234 1207 3279 mense

189 3299 354 3376 Quinctili.
384 3299 483 3365 Sexto
498 3301 549 3365 die
562 3299 681 3365 Delum
695 3298 835 3365 Athenis
849 3302 1004 3366 venimus.
1035 3301 1087 3366 Pr.
1097 3299 1207 3366 Nonas

188 3387 366 3464 Quinctiles
390 3388 541 3454 aPiraeo
565 3390 606 3454 ad
624 3387 756 3453 Zostera
779 3393 876 3455 rento
900 3390 1052 3475 molest03
1075 3390 1207 3474 quinos

184 3477 306 3543 ibidem
324 3476 429 3542 Nonis
455 3478 568 3543 tenuit.
606 3475 694 3540 Ante
717 3495 780 3540 vm
799 3476 876 3542 Idus
901 3480 941 3541 ad
964 3476 1030 3542 Ceo
1059 3479 1206 3566 iucunde,
1222 3504 1247 3570 aa
