2564 3880
183 154 251 218 430
507 154 544 209 M.
564 154 672 207 TULLI
689 153 881 208 CICERONIS

184 297 251 362 illis
283 297 422 381 transigi
453 297 547 360 malo.
599 295 713 372 Quinti
744 297 856 360 fratris
890 296 1064 379 epistulam
1096 295 1139 358 ad
1178 299 1211 358 te

183 385 259 449 misi
290 407 358 449 non
384 385 464 449 satis
496 385 635 448 humane
667 385 759 449 illam
792 384 922 467 quidem
956 384 1210 468 respondentem

183 473 263 536 meis
281 472 411 555 litteris,
434 473 489 536 sed
507 477 616 536 tamen
635 473 722 556 quod
740 472 804 536 tibi
822 473 902 536 satis
923 473 976 559 sit,
998 476 1036 536 ut
1056 472 1211 555 equidem

184 561 343 625 existimo
390 561 439 626 Tu
462 561 595 626 videbis.

618 734 768 800 XLVIII.
1233 760 1242 800 5
1262 765 1263 768 ¹

327 857 384 912 Ser.
399 857 432 911 ia
452 857 611 910 Tusculano
628 855 679 910 IV
693 857 769 911 Noa.
784 855 857 911 Sext.
872 874 898 911 a.
915 859 971 912 709
990 860 1061 926 (45).

489 977 635 1035 OIOERO
653 977 799 1034 ATTICO
817 979 901 1036 SAL.

149 1106 163 1153 1
251 1086 331 1151 Heri
354 1087 462 1151 nescio
486 1087 565 1170 quid
587 1087 622 1152 in
643 1088 783 1171 strepitu
801 1087 913 1151 videor
932 1087 1110 1170 exaudisse,
1133 1107 1210 1150 cum

184 1175 350 1239 dicerest
336 1179 368 1238 te
400 1175 435 1240 in
466 1175 683 1239 Tusculanum
712 1179 788 1238 vent
790 1198 892 1239 urum
940 1175 1034 1251 Quod
1066 1179 1102 1238 ut
1088 1175 1208 1238 tinam!

184 1263 304 1326 iterum
326 1263 464 1328 utinam!
501 1267 559 1327 tuo
582 1268 691 1328 tamen
714 1264 890 1327 commodo.
1221 1289 1263 1328 a¹

251 1351 354 1435 Lepta
371 1373 423 1416 me
441 1355 547 1436 rogat,
565 1355 612 1437 ut,
631 1353 660 1416 si
679 1352 757 1436 quid
776 1352 839 1416 sibi
858 1372 939 1435 opus
959 1351 1012 1438 sit,
1028 1373 1207 1432 accurram3

185 1443 333 1504 mortuus
366 1441 452 1504 enim
478 1405 658 1504 Babullius.
705 1437 837 1523 Caesar,
870 1439 1000 1524 opinor,
1033 1461 1073 1503 ex
1101 1439 1209 1522 uncia,

185 1528 248 1592 etsi
266 1528 350 1592 nihil
369 1528 484 1613 adhuo;
508 1528 564 1591 sed
582 1526 685 1611 Lepta
703 1549 743 1591 ex
761 1529 889 1592 triente.
925 1526 1027 1592 Veret
1013 1532 1068 1591 tur
1088 1531 1208 1610 autem,

184 1635 225 1680 ne
247 1638 314 1680 non
335 1616 431 1680 liceat
454 1620 562 1680 tenere
584 1616 710 1680 heredit
696 1619 806 1700 tatem,
830 1615 959 1698 ἀλόγως
983 1616 1126 1694 omnino,
1153 1578 1208 1680 sed

184 1708 314 1768 veretur
349 1708 465 1768 tamen.
518 1702 551 1767 Is
583 1704 685 1789 igitur
718 1705 747 1768 si
779 1704 922 1789 accierit,
961 1725 1142 1786 accurram3
1182 1701 1207 1766 si
1220 1728 1239 1767 c

150 1793 302 1878 eminus,
324 1813 388 1858 noa
411 1796 583 1876 antequam
606 1813 736 1856 necesse
759 1793 830 1856 erit.
872 1792 922 1856 Tu
944 1791 1109 1880 Pollicem,
1135 1814 1209 1857 oum

186 1881 317 1964 poteris.

253 1968 486 2034 Laudationem
513 1967 647 2032 Porciae
678 1968 742 2031 tibi
773 1968 850 2033 misi
877 1972 1063 2032 correctam.
1114 1967 1207 2032 Adeo

186 2059 370 2140 properavi,
401 2061 453 2142 ut,
483 2057 511 2121 si
542 2057 627 2120 forte
660 2060 717 2120 aut
744 2055 891 2121 Domitio
918 2056 987 2120 filio
1017 2061 1074 2121 aut
1101 2055 1207 2120 Bruto

185 2145 385 2230 mitteretur,
411 2145 490 2209 hacc
517 2144 708 2209 mitteretur.
755 2143 809 2228 ld,
836 2145 865 2209 si
892 2144 956 2208 tibi
980 2145 1042 2208 erit
1067 2167 1238 2209 commo-s

186 2233 276 2318 dum,
307 2254 425 2317 magno
454 2254 548 2316 opere
576 2254 667 2296 cures
689 2233 787 2297 velim
810 2236 843 2296 et
865 2233 963 2296 velim
985 2232 1028 2298 M.
1047 2232 1207 2298 Varronis

187 2325 220 2385 et
244 2319 308 2385 Olli
335 2321 448 2384 mittas
475 2321 708 2407 laudationem,
741 2318 806 2384 Olli
833 2321 954 2404 utique.
1000 2319 1089 2385 Nam
1116 2322 1207 2385 illam
1262 2305 1263 2382 l

185 2408 265 2493 legi,
291 2409 367 2473 volo
394 2412 505 2473 tamen
526 2413 703 2496 regustare.
750 2407 913 2484 Quaedam
936 2409 1023 2472 enim
1046 2410 1102 2473 vix
1125 2409 1208 2474 mihi
1262 2383 1263 2478 l

186 2497 280 2560 credo
304 2496 421 2581 legisse
443 2519 503 2561 mc.

639 2671 753 2738 XLIX.

307 2791 364 2847 Ser.
379 2796 412 2847 ia
433 2794 589 2848 Tusculano
609 2795 672 2848 circ.
688 2793 740 2847 XI
755 2793 792 2847 K.
808 2793 880 2862 Sept.
896 2811 922 2848 a.
938 2797 994 2848 709
1013 2796 1083 2862 (45).

493 2915 639 2971 CICERO
656 2916 804 2971 arrico
821 2915 905 2971 SAL.

152 3041 166 3089 1
253 3023 384 3087 Atticae
410 3023 552 3106 primum
581 3024 666 3088 salut
652 3028 719 3088 tem
746 3022 860 3111 (quam
884 3023 1030 3107 equidem
1048 3025 1118 3088 ruri
1137 3047 1205 3089 esse

187 3112 343 3198 arbitror3
369 3111 452 3176 mult
438 3115 506 3175 tam
537 3111 640 3195 igitur
668 3111 950 3263 silum?
855 3115 887 3176 ct
914 3111 1025 3176 Piliae.
1076 3111 1127 3176 De
1155 3113 1205 3177 Ti·
1262 3133 1263 3152 ³

187 3201 299 3286 gellio,
332 3163 360 3264 ti
392 3199 470 3283 quid
498 3199 584 3263 novi.
639 3198 701 3275 Qui
732 3201 1061 3286 qu1em,utmil1i
1092 3198 1263 3266 Gallus
1217 3225 1237 3265 u

186 3287 305 3352 Fadius
336 3287 481 3372 scripsit
508 3287 633 3370 μέμψιν
663 3287 823 3373 ἀναφέρει
852 3288 933 3351 mihi
959 3288 1156 3372 quandam
1147 3291 1204 3353 mi-
1262 3335 1263 3370 3

189 3376 387 3458 quissimam,
407 3398 458 3439 me
472 3338 635 3439 Phameae
658 3374 805 3460 defuisse,
824 3397 897 3440 cum
920 3377 988 3440 eius
1012 3398 1142 3441 causam
1159 3400 1204 3442 re

189 3462 352 3545 cepissem.
386 3463 489 3540 Quam
504 3463 633 3546 quidem
651 3484 833 3546 receperam
846 3468 961 3529 contra
978 3487 1098 3549 pueros
1114 3465 1204 3530 Octa-

1218 2695 1237 2736 2.

1262 2855 1263 2896 l

1262 2905 1263 2942 l
