2586 3886
298 185 558 242 EPISTULARUM
576 187 626 240 An
645 187 806 243 ATTICUM
825 188 865 242 VI
884 195 908 257 1,
928 195 952 242 2.
1049 190 1115 254 169
1189 235 1192 246 .

97 337 208 396 auton
231 329 384 394 Eleusine
407 330 518 396 facere.
564 329 653 395 Num
676 332 779 414 inepti
801 331 972 417 fuerimus,
1002 333 1029 397 si
1052 355 1114 398 nos

98 440 229 502 quoque
253 417 442 484 Academiae
469 419 660 484 fecerimus?
693 419 815 504 ‘Puto',
842 421 978 504 inquies.
1024 421 1114 506 Ergo

97 507 132 571 id
158 508 268 591 ipsum
296 505 415 571 scribes
439 507 480 570 ad
501 530 560 572 me.
605 507 766 591 Equidem
789 508 881 572 valde
904 508 991 592 ipsas
1015 508 1115 573 Athe·

98 617 158 659 nas
185 616 267 659 amo.
313 593 398 659 Volo
427 617 496 659 esse
525 595 655 678 aliquod
682 600 940 680 monumentum,
974 597 1028 661 odi
1056 598 1114 660 fal·
1143 611 1147 646 2

72 705 152 748 ssas
181 683 409 765 inscriptiones
437 687 619 748 statuarum
646 684 830 748 alienarum.
882 681 958 769 Sed,
987 689 1024 749 ut
1051 686 1115 750 tibi

98 772 251 856 placebit,
272 771 433 855 faciesque
455 793 516 856 me,
538 771 573 836 in
592 793 687 856 quem
705 773 790 836 diem
808 772 953 836 Romana
972 772 1115 837 incidant

97 859 264 944 mysteria,
290 859 467 944 certiorem,
490 863 523 923 et
546 881 610 944 quo
633 861 728 924 modo
752 860 913 932 hiemaris.
960 859 1054 946 Oura,
1076 866 1114 924 ut

97 949 215 1013 valeas.
262 946 341 1012 Post
364 945 564 1012 Leuctricam
586 969 729 1033 pugnam
752 949 803 1014 die
826 949 1115 1034 septingentesimo

98 1036 301 1122 sexagesimo
325 1036 448 1119 quinto.

59 1240 83 1278 10
590 1210 631 1277 H.

297 1331 355 1388 Ser.
369 1332 523 1386 Laodiceae
540 1332 579 1386 ia.
594 1350 629 1386 m.
644 1333 718 1387 Mai.
733 1351 759 1387 (1.
775 1337 829 1389 704
849 1337 919 1402 (50).

422 1453 550 1510 CICERO
569 1453 701 1511 ATTICO
720 1455 794 1510 SAL.

168 1560 251 1627 Cum
273 1562 481 1649 Philogenes,
509 1563 646 1628 libertus
670 1568 761 1649 tuus,
790 1562 979 1628 Laodiceam
1002 1565 1149 1632 admei

98 1651 264 1716 salutandi
291 1673 386 1716 causa
414 1653 555 1716 venisset
582 1655 672 1716 etse
696 1651 807 1716 statim
830 1652 870 1716 ad
893 1656 926 1716 te
948 1653 1116 1737 navigatu-

58 1766 83 1807 15
97 1762 174 1803 rum
201 1760 271 1803 esse
294 1740 426 1826 diceret,
455 1739 513 1804 has
537 1740 567 1804 ei
589 1741 715 1805 litteras
739 1740 825 1824 dedi,
856 1740 974 1824 quibus
998 1740 1115 1804 adeas

98 1827 265 1912 rescripsi,
293 1849 372 1912 quas
400 1849 582 1912 acceperam
610 1851 628 1892 a
650 1827 746 1892 Bruti
773 1827 953 1892 tabellario.
999 1827 1045 1891 Et
1067 1851 1116 1892 re

98 1916 266 1999 spondebo
289 1917 429 1999 primum
451 1921 633 1998 postremae
655 1921 730 1980 tuae
752 1915 899 2000 paginae,
930 1917 1115 2000 quaemihi

98 2024 237 2092 magnae
259 2004 426 2069 molestiae
447 2005 519 2089 fuit,
543 2005 629 2089 quod
652 2005 691 2068 ad
710 2008 742 2068 te
761 2005 918 2088 scriptum
937 2007 986 2069 est
1004 2027 1023 2068 a
1042 2002 1115 2068 Oin-

100 2092 150 2156 cio
179 2093 218 2156 de
241 2090 326 2156 Stati
349 2114 508 2178 sermone3
538 2092 573 2156 in
597 2114 660 2177 quo
683 2092 746 2156 hoc
768 2092 1034 2157 molestissimum
1056 2097 1117 2178 est,

60 2208 86 2247 20
101 2179 246 2244 Statium
282 2179 384 2244 dicere
414 2202 433 2243 a
464 2203 515 2244 me
547 2203 675 2265 quoque
706 2180 740 2245 id
772 2180 943 2245 consilium
974 2181 1114 2264 probari.

101 2267 240 2333 Probara'
272 2269 401 2333 autem?
446 2267 495 2333 De
525 2269 589 2333 isto
617 2269 773 2333 hactenus
804 2269 953 2355 dixerim,
985 2291 1036 2332 me
1064 2271 1116 2333 vel

100 2357 241 2440 plurima
277 2356 382 2421 vincla
413 2361 520 2421 tecum
552 2377 694 2421 summae
726 2357 960 2422 coniunctionis
994 2362 1116 2441 optare,

101 2445 164 2508 etsi
191 2448 268 2508 sunt
296 2445 414 2509 amoris
442 2444 616 2531 artissima,
647 2449 775 2510 tantum
798 2447 903 2530 abest,
932 2449 970 2509 ut
993 2467 1053 2530 ego
1077 2467 1115 2510 ex

102 2554 154 2618 eo,
186 2554 251 2617 quo
279 2533 405 2597 astricti
432 2555 556 2618 sumus,
585 2533 690 2597 laxari
718 2534 840 2617 aliquid
866 2534 972 2598 velim.
1017 2532 1151 2597 Illuma

60 2625 211 2687 arautem
232 2621 336 2685 multa
359 2622 397 2685 de
419 2621 492 2685 istis
512 2623 608 2686 rebus
627 2621 771 2705 asperius
790 2622 894 2686 solere
910 2621 1003 2706 loqui
1022 2644 1116 2706 saepe

103 2729 175 2772 sum
198 2713 358 2794 expertus,
388 2730 481 2792 saepe
504 2709 603 2774 etiam
624 2709 723 2774 lenivi
745 2709 873 2774 iratum.
918 2709 956 2773 ld
980 2709 1061 2774 scire
1084 2714 1117 2773 te

103 2797 252 2861 arbitror.
288 2796 328 2860 In
349 2797 409 2861 hac
428 2801 536 2862 autem
553 2797 811 2883 peregrinatione
829 2797 986 2862 militiave
1004 2802 1118 2862 nostra

104 2906 197 2969 saepe
217 2885 382 2948 incensum
399 2885 448 2950 ira
466 2885 542 2970 vidi,
565 2907 659 2969 saepe
676 2887 847 2969 placatum.
885 2885 969 2960 Quid
988 2885 1028 2949 ad
1047 2884 1118 2950 Sta-

103 2972 186 3036 tium
212 2973 392 3058 scripserit,
419 2974 535 3038 nescio.
584 2973 744 3057 Quicquid
772 2978 903 3038 acturus
932 2973 970 3037 de
1000 2973 1059 3038 tali
1083 2995 1119 3038 re

59 3088 88 3128 ao
102 3061 178 3145 fuit,
206 3061 410 3126 scribendum
437 3066 548 3126 tamen
574 3063 614 3125 ad
641 3062 796 3126 libertum
822 3083 889 3126 non
915 3062 987 3126 fuit.
1033 3061 1117 3125 Mihi

104 3153 211 3212 autem
234 3149 295 3213 erit
318 3172 485 3214 maxumae
508 3171 614 3235 curae,
641 3172 682 3214 ne
706 3150 784 3234 quid
805 3151 865 3213 fiat
889 3170 990 3235 secus,
1020 3171 1118 3233 quam

102 3237 262 3322 volumus,
280 3259 440 3322 quamque
459 3242 596 3321 oportet.
633 3236 702 3302 Nee
721 3239 801 3302 satis
821 3241 870 3301 est
888 3238 923 3300 in
942 3237 1011 3301 cius
1030 3238 1117 3301 modi

102 3347 137 3389 re
170 3347 203 3389 se
231 3347 389 3410 quemque
416 3329 593 3412 praestare,
625 3348 661 3391 ac
687 3347 856 3390 maxumae
883 3329 992 3409 partes
1020 3324 1119 3388 istius

103 3413 202 3478 officii
225 3419 301 3479 sunt
319 3415 410 3498 pueri
430 3413 592 3479 Ciceronis
611 3415 762 3479 sisciam
781 3413 1007 3496 adulescentis3
1032 3411 1118 3495 quod

60 3526 88 3568 aa
103 3501 233 3586 quidem
255 3502 349 3567 illum
373 3503 460 3567 soleo
482 3502 615 3567 hortari.
656 3502 705 3567 Ac
727 3501 808 3567 mihi
831 3501 959 3565 videtur
981 3504 1121 3562 matrem
