2586 3886
172 161 237 226 180
491 160 528 215 Μ.
548 161 655 215 TULLI
673 161 861 216 CICERONIS

168 304 315 369 homines
345 306 384 368 ad
411 306 560 369 mulieres
591 305 754 389 miseram3
787 305 843 388 qui
864 305 1002 370 Romam
1025 311 1184 371 venerunt

168 393 263 458 factis
297 394 510 476 sponsalibus.
563 390 625 456 Sed
651 392 712 457 hoc
739 413 832 476 spero
865 394 993 478 melius3
1029 394 1182 459 mulieres

170 482 298 564 quidem
320 481 412 546 valde
434 481 586 565 intellego
611 480 761 544 delectari
785 481 938 565 obsequio
967 485 1000 545 et
1029 483 1182 548 comitate

170 570 388 634 adulescentis.
435 567 557 645 Cetera¹
570 569 639 632 noli
662 567 894 647 ἐξακανθίζειν.

134 675 149 724 2
237 655 299 721 Sed
327 658 407 721 heus
437 658 487 720 tul
519 658 646 741 πυροὺς
678 659 724 732 εἰς
755 658 861 741 δῆμον
883 655 1043 721 Athenis?
1075 658 1181 742 placet
1211 683 1226 725 5

168 744 230 808 hoc
253 745 338 809 tibi?
374 744 448 808 Etsi
466 766 533 809 non
550 744 767 827 impediebant
789 745 854 808 mei
876 750 961 810 certe
983 745 1067 810 libri.
1104 744 1183 810 Non

170 833 255 896 enim
273 834 337 898 ista
355 832 486 916 largitio
505 831 568 896 fuit
591 832 740 918 incites,
764 832 819 896 sed
841 833 876 896 in
898 833 1043 917 hospites
1067 834 1182 898 libera

169 922 253 985 litas.
299 920 352 984 Me
380 925 489 984 tamen
515 920 552 984 de
570 919 760 984 Academiae
786 922 947 1010 προπύλῳ
977 922 1068 986 iubes
1097 923 1183 1006 cogi-

169 1013 251 1092 tare,
280 1030 353 1072 omn
375 1008 441 1072 iam
463 1007 589 1091 Appius
620 1009 658 1072 de
680 1008 834 1072 Eleusine
855 1030 923 1074 non
945 1010 1086 1094 cogitet?
1132 1008 1183 1075 De

169 1095 345 1160 Hortensio
378 1100 410 1160 te
443 1100 529 1160 certo
567 1096 631 1161 scio
665 1096 788 1182 dolere3
825 1098 972 1180 equidem
1004 1098 1227 1183 excrucior31o

169 1184 330 1248 decreram
353 1184 438 1248 enim
461 1205 533 1248 oum
557 1206 593 1248 eo
617 1184 707 1248 valde
730 1185 933 1249 familiariter
955 1186 1069 1250 vivere.

134 1291 149 1338 3
236 1270 306 1337 Nos
338 1271 520 1355 provinciae
551 1272 759 1356 praefecimus
793 1271 945 1338 0161111111.
998 1271 1155 1338 ‘Puerum
1163 1275 1183 1360 ',

169 1361 311 1446 inquies,
343 1361 391 1424 ‘et
420 1361 557 1424 fortasse
586 1360 713 1424 fatuum
745 1364 778 1424 et
806 1382 873 1425 non
903 1382 1034 1446 gravem
1062 1365 1094 1426 et
1116 1383 1185 1426 non

169 1447 412 1513 continenteml'
441 1447 630 1533 Adsenti013
649 1448 719 1511 fieri
736 1470 803 1513 non
821 1450 930 1532 potuit
950 1450 1050 1514 aliter.
1088 1448 1184 1535 Nam,

170 1559 250 1620 quas
273 1537 377 1602 multo
408 1540 483 1600 ante
512 1540 585 1600 tuas
616 1558 798 1620 acceperam
827 1537 967 1622 litteras,
998 1537 1034 1601 in
1063 1538 1183 1621 quibus
1199 1563 1229 1604 15

171 1624 299 1710 ἐπέχειν
327 1629 359 1689 11
386 1625 571 1708 scripseras,
604 1625 681 1707 quid
713 1629 797 1689 esset
827 1625 907 1689 mihi
934 1625 1114 1690 faciendum
1146 1627 1184 1691 de

170 1713 379 1797 relinquendo
385 1763 394 1797 ,
423 1733 477 1776 111
499 1733 550 1776 me
572 1712 774 1798 pungebant3
800 1712 948 1778 videbam
975 1713 1072 1800 enim,
1101 1735 1184 1797 quae

170 1801 233 1865 tibi
269 1805 376 1865 essent
416 1800 534 1884 ἐποχῆς
570 1821 696 1884 causae,
733 1804 764 1864 et
801 1805 892 1864 erant
929 1802 1055 1866 eaedem
1091 1801 1183 1866 mihi.

170 1888 274 1953 Puero
297 1889 445 1952 tradere?
472 1888 567 1952 fratri
594 1888 723 1951 autem?
768 1886 853 1952 Illud
879 1911 945 1952 non
975 1890 1054 1953 utile
1077 1890 1183 1954 nobis.
1285 1973 1286 1976 Ἴ

171 1975 256 2041 Nam
279 1981 406 2059 praeter
428 1977 560 2040 fratrem
582 1997 676 2040 nemo
700 1980 781 2061 erat,
810 1999 906 2060 quem
929 1977 998 2041 sine
1021 1980 1185 2042 contume-
1200 2006 1231 2044 20

170 2065 215 2128 lia
244 2065 419 2149 quaestori,
446 2064 549 2128 nobili
577 2064 779 2150 praesertim,
807 2064 1006 2128 anteferrem.
1053 2065 1186 2152 Tamen,
1285 2097 1286 2144 3

172 2153 248 2215 dum
270 2152 454 2235 impendere
475 2150 589 2215 Parthi
612 2152 817 2237 videbantur,
846 2154 1022 2216 statueram
1049 2153 1187 2218 fratrem
1285 2183 1286 2234 1

171 2240 351 2322 relinquere
375 2243 431 2303 aut
455 2240 552 2303 etiam
575 2239 788 2323 reipublicae
808 2244 1185 2306 causacontrasenatus
1285 2235 1286 2248 ¹

172 2328 354 2391 consultum
377 2328 447 2411 ipse
469 2349 639 2391 remanere.
686 2326 748 2401 Qui
770 2332 980 2411 posteaquam
1003 2329 1186 2393 incredibili
1244 2397 1246 2400 ,

171 2415 324 2479 felicitate
348 2415 569 2500 discesserunt,
593 2415 722 2479 sublata
745 2416 904 2479 dubitatio
930 2420 987 2480 est.
1024 2415 1185 2481 Videbam
1201 2444 1229 2483 25

173 2524 348 2567 sermones:
377 2502 471 2587 ‘Han
495 2504 628 2568 fratrem
654 2503 799 2586 reliquit!
844 2501 933 2568 Num
961 2507 1011 2568 est
1033 2504 1095 2568 boc
1117 2526 1186 2568 non

171 2591 245 2674 plus
269 2613 389 2655 annum
411 2591 556 2655 obtinere
580 2591 798 2675 provinciam?
831 2590 923 2676 Quid,
947 2592 1034 2674 quod
1052 2596 1186 2657 senatus

174 2700 227 2743 eos
250 2679 354 2743 voluit
377 2699 524 2762 praeesse
550 2679 738 2763 provinciis
771 2680 827 2763 qui
854 2701 921 2743 non
947 2680 1186 2762 praefuissent?

137 2765 218 2831 4At
249 2766 302 2830 hic
333 2766 534 2832 trienniuml'
571 2767 660 2852 Ergo
692 2768 770 2831 haec
803 2767 842 2830 ad
873 2767 1037 2851 populum.
1091 2766 1185 2853 Quid,

175 2875 257 2938 quae
288 2855 415 2918 tecum?
464 2852 650 2938 Numquam
684 2877 785 2920 essem
818 2855 886 2920 sine
918 2877 1007 2940 cura,
1045 2855 1072 2919 si
1105 2857 1185 2940 quid
1201 2884 1229 2923 1ο

174 2942 356 3007 iracundius
381 2946 437 3005 aut
460 2943 723 3007 contumeliosius
752 2948 807 3007 aut
834 2942 1071 3027 neglegentius,
1102 2965 1185 3027 quac

173 3030 237 3094 fert
259 3030 326 3094 vita
349 3029 523 3095 hominum.
570 3029 665 3116 Quid,
689 3031 717 3095 si
740 3031 817 3115 quid
839 3031 925 3094 filius
948 3053 1028 3114 puer
1051 3035 1081 3095 11
1105 3053 1186 3114 puer
1285 3101 1286 3106 η

174 3119 255 3183 bene
284 3118 345 3182 sibi
373 3117 496 3182 fidens?
532 3119 588 3202 qui
618 3123 702 3184 esset
732 3119 845 3184 dolor?
878 3140 974 3202 quern
1001 3122 1092 3203 pater
1118 3141 1185 3184 non

174 3206 358 3271 dimittebat
380 3210 476 3289 teque
498 3207 531 3270 id
554 3228 681 3272 censere
702 3207 837 3272 moleste
859 3205 991 3272 ferebat.
1031 3207 1076 3272 At
1100 3230 1186 3273 nuno

175 3292 301 3359 Caelius
326 3316 391 3359 non
414 3295 483 3358 dieo
508 3296 655 3379 equidem
674 3296 772 3378 ‘quod
790 3295 892 3380 egerit
909 3295 975 3380 -',
998 3295 1055 3360 sed
1077 3299 1186 3361 tamen
1201 3323 1228 3363 ca

174 3383 277 3448 multo
296 3383 402 3448 minus
427 3383 548 3448 laboro.
580 3382 670 3447 Adde
693 3383 780 3447 illud.
807 3382 989 3468 Pompeius,
1012 3405 1049 3448 eo
1068 3384 1186 3448 robore

174 3472 232 3559 vir,
254 3472 295 3536 iis
314 3471 485 3559 radicibus,
509 3470 543 3547 Q.
559 3470 705 3536 Cassium
725 3472 793 3535 sine
812 3475 898 3535 sorte
917 3471 1045 3558 delegit,
1068 3468 1188 3538 Caesar
1285 3485 1286 3494 ’
