<?xml version="1.0" encoding="UTF-8"?>
<!DOCTYPE html PUBLIC "-//W3C//DTD XHTML 1.0 Transitional//EN"
    "http://www.w3.org/TR/xhtml1/DTD/xhtml1-transitional.dtd">
<html xmlns="http://www.w3.org/1999/xhtml" xml:lang="en" lang="en">
 <head>
  <title>
</title>
<meta http-equiv="Content-Type" content="text/html;charset=utf-8" />
  <meta name='ocr-system' content='tesseract 3.04.00' />
  <meta name='ocr-capabilities' content='ocr_page ocr_carea ocr_par ocr_line ocrx_word'/>
</head>
<body>
  <div class='ocr_page' id='page_1' title='image "./scriptaquaemans00mullgoog_0581.png"; bbox 0 0 2564 3880; ppageno 0'>
   <div class='ocr_carea' id='block_1_1' title="bbox 141 87 838 154">
    <p class='ocr_par' dir='ltr' id='par_1_1' title="bbox 141 87 838 154">
     <span class='ocr_line' id='line_1_1' title="bbox 141 87 838 154; baseline -0.014 0"><span class='ocrx_word' id='word_1_1' title='bbox 141 91 207 154; x_wconf 83' lang='lat'><strong>418</strong></span> <span class='ocrx_word' id='word_1_2' title='bbox 465 90 503 145; x_wconf 88' lang='grc' dir='ltr'><strong>Μ.</strong></span> <span class='ocrx_word' id='word_1_3' title='bbox 522 89 631 144; x_wconf 82' lang='lat' dir='ltr'>TULLI</span> <span class='ocrx_word' id='word_1_4' title='bbox 648 87 838 146; x_wconf 78' lang='lat' dir='ltr'>CICERONIS</span> 
     </span>
    </p>
   </div>
   <div class='ocr_carea' id='block_1_2' title="bbox 107 229 1168 317">
    <p class='ocr_par' dir='ltr' id='par_1_2' title="bbox 107 229 1168 317">
     <span class='ocr_line' id='line_1_2' title="bbox 107 229 1168 317; baseline -0.004 -19"><span class='ocrx_word' id='word_1_5' title='bbox 107 253 123 300; x_wconf 77' lang='lat' dir='ltr'><strong>a</strong></span> <span class='ocrx_word' id='word_1_6' title='bbox 143 232 302 309; x_wconf 84' lang='lat' dir='ltr'><strong>Quoniam</strong></span> <span class='ocrx_word' id='word_1_7' title='bbox 325 233 501 297; x_wconf 75' lang='lat' dir='ltr'><strong>etiamnum</strong></span> <span class='ocrx_word' id='word_1_8' title='bbox 525 233 616 317; x_wconf 89' lang='lat' dir='ltr'><strong>abes,</strong></span> <span class='ocrx_word' id='word_1_9' title='bbox 643 231 843 316; x_wconf 82' lang='lat' dir='ltr'><strong>Dicaearchi,</strong></span> <span class='ocrx_word' id='word_1_10' title='bbox 866 253 948 315; x_wconf 90' lang='lat' dir='ltr'><strong>quos</strong></span> <span class='ocrx_word' id='word_1_11' title='bbox 973 229 1100 316; x_wconf 89' lang='lat' dir='ltr'><strong>scribis,</strong></span> <span class='ocrx_word' id='word_1_12' title='bbox 1130 230 1168 294; x_wconf 92' lang='lat' dir='ltr'><strong>li·</strong></span> 
     </span>
    </p>
   </div>
   <div class='ocr_carea' id='block_1_3' title="bbox 107 320 1261 2078">
    <p class='ocr_par' dir='ltr' id='par_1_3' title="bbox 142 320 1167 406">
     <span class='ocr_line' id='line_1_3' title="bbox 142 320 1167 406; baseline -0.004 -20"><span class='ocrx_word' id='word_1_13' title='bbox 142 323 220 386; x_wconf 89' lang='lat' dir='ltr'><strong>bros</strong></span> <span class='ocrx_word' id='word_1_14' title='bbox 249 343 325 385; x_wconf 90' lang='lat' dir='ltr'><strong>sane</strong></span> <span class='ocrx_word' id='word_1_15' title='bbox 354 321 452 386; x_wconf 85' lang='lat' dir='ltr'><strong>velim</strong></span> <span class='ocrx_word' id='word_1_16' title='bbox 479 321 526 385; x_wconf 92' lang='lat' dir='ltr'><strong>mi</strong></span> <span class='ocrx_word' id='word_1_17' title='bbox 548 321 672 406; x_wconf 89' lang='lat' dir='ltr'><strong>mittas,</strong></span> <span class='ocrx_word' id='word_1_18' title='bbox 700 320 799 394; x_wconf 84' lang='lat' dir='ltr'><strong>addas</strong></span> <span class='ocrx_word' id='word_1_19' title='bbox 823 320 921 384; x_wconf 89' lang='lat' dir='ltr'><strong>etiam</strong></span> <span class='ocrx_word' id='word_1_20' title='bbox 943 321 1167 402; x_wconf 80' lang='grc' dir='ltr'><em>καταβάσεως.</em></span> 
     </span>
    </p>

    <p class='ocr_par' dir='ltr' id='par_1_4' title="bbox 107 407 1206 1089">
     <span class='ocr_line' id='line_1_4' title="bbox 107 407 1166 494; baseline -0.007 -18"><span class='ocrx_word' id='word_1_21' title='bbox 107 429 123 476; x_wconf 82' lang='grc'><strong>3</strong></span> <span class='ocrx_word' id='word_1_22' title='bbox 209 408 258 474; x_wconf 91' lang='lat' dir='ltr'><strong>De</strong></span> <span class='ocrx_word' id='word_1_23' title='bbox 281 409 421 492; x_wconf 80' lang='lat' dir='ltr'><strong>epistula</strong></span> <span class='ocrx_word' id='word_1_24' title='bbox 442 409 481 474; x_wconf 88' lang='lat' dir='ltr'><strong>ad</strong></span> <span class='ocrx_word' id='word_1_25' title='bbox 502 407 670 473; x_wconf 82' lang='lat' dir='ltr'><strong>Gaesarem</strong></span> <span class='ocrx_word' id='word_1_26' title='bbox 692 407 841 494; x_wconf 80' lang='lat' dir='ltr'><strong>xs&#39;xpcuu3</strong></span> <span class='ocrx_word' id='word_1_27' title='bbox 864 412 962 492; x_wconf 89' lang='lat' dir='ltr'><strong>atque</strong></span> <span class='ocrx_word' id='word_1_28' title='bbox 987 407 1022 471; x_wconf 92' lang='lat' dir='ltr'><strong>id</strong></span> <span class='ocrx_word' id='word_1_29' title='bbox 1043 407 1166 490; x_wconf 80' lang='lat' dir='ltr'><strong>ipsum,</strong></span> 
     </span>
     <span class='ocr_line' id='line_1_5' title="bbox 144 495 1166 582; baseline -0.004 -20"><span class='ocrx_word' id='word_1_30' title='bbox 144 498 230 582; x_wconf 92' lang='lat' dir='ltr'><strong>quod</strong></span> <span class='ocrx_word' id='word_1_31' title='bbox 257 499 314 562; x_wconf 89' lang='lat' dir='ltr'><strong>isti</strong></span> <span class='ocrx_word' id='word_1_32' title='bbox 341 497 433 561; x_wconf 89' lang='lat' dir='ltr'><strong>aiunt</strong></span> <span class='ocrx_word' id='word_1_33' title='bbox 461 497 555 562; x_wconf 90' lang='lat' dir='ltr'><strong>illurn</strong></span> <span class='ocrx_word' id='word_1_34' title='bbox 578 497 731 581; x_wconf 85' lang='lat' dir='ltr'><strong>scribere,</strong></span> <span class='ocrx_word' id='word_1_35' title='bbox 760 518 796 561; x_wconf 91' lang='lat' dir='ltr'><strong>se</strong></span> <span class='ocrx_word' id='word_1_36' title='bbox 816 495 882 559; x_wconf 92' lang='lat' dir='ltr'><strong>nisi</strong></span> <span class='ocrx_word' id='word_1_37' title='bbox 905 495 1093 560; x_wconf 88' lang='lat' dir='ltr'><strong>constitutis</strong></span> <span class='ocrx_word' id='word_1_38' title='bbox 1118 517 1166 558; x_wconf 83' lang='lat' dir='ltr'><strong>re</strong></span> 
     </span>
     <span class='ocr_line' id='line_1_6' title="bbox 143 583 1206 668; baseline -0.004 -18"><span class='ocrx_word' id='word_1_39' title='bbox 143 587 204 650; x_wconf 88' lang='lat' dir='ltr'><strong>bus</strong></span> <span class='ocrx_word' id='word_1_40' title='bbox 234 608 302 650; x_wconf 90' lang='lat' dir='ltr'><strong>non</strong></span> <span class='ocrx_word' id='word_1_41' title='bbox 331 585 454 650; x_wconf 86' lang='lat' dir='ltr'><strong>iturum</strong></span> <span class='ocrx_word' id='word_1_42' title='bbox 481 586 517 648; x_wconf 92' lang='lat' dir='ltr'><strong>in</strong></span> <span class='ocrx_word' id='word_1_43' title='bbox 538 584 693 668; x_wconf 89' lang='lat' dir='ltr'><strong>Parthos,</strong></span> <span class='ocrx_word' id='word_1_44' title='bbox 724 584 810 648; x_wconf 88' lang='lat' dir='ltr'><strong>idem</strong></span> <span class='ocrx_word' id='word_1_45' title='bbox 838 605 898 668; x_wconf 80' lang='lat' dir='ltr'><strong>ego</strong></span> <span class='ocrx_word' id='word_1_46' title='bbox 927 583 1101 648; x_wconf 83' lang='lat' dir='ltr'><strong>suadebam</strong></span> <span class='ocrx_word' id='word_1_47' title='bbox 1130 583 1165 646; x_wconf 91' lang='lat' dir='ltr'><strong>in</strong></span> <span class='ocrx_word' id='word_1_48' title='bbox 1194 607 1206 647; x_wconf 80' lang='lat' dir='ltr'><strong>s</strong></span> 
     </span>
     <span class='ocr_line' id='line_1_7' title="bbox 144 672 1164 757; baseline -0.004 -19"><span class='ocrx_word' id='word_1_49' title='bbox 144 674 201 738; x_wconf 87' lang='lat' dir='ltr'><strong>illa</strong></span> <span class='ocrx_word' id='word_1_50' title='bbox 225 674 371 757; x_wconf 91' lang='lat' dir='ltr'><strong>epistula.</strong></span> <span class='ocrx_word' id='word_1_51' title='bbox 417 672 538 738; x_wconf 88' lang='lat' dir='ltr'><strong>Utrum</strong></span> <span class='ocrx_word' id='word_1_52' title='bbox 560 673 686 756; x_wconf 87' lang='lat' dir='ltr'><strong>liberet,</strong></span> <span class='ocrx_word' id='word_1_53' title='bbox 708 673 812 736; x_wconf 89' lang='lat' dir='ltr'><strong>facere</strong></span> <span class='ocrx_word' id='word_1_54' title='bbox 834 693 929 756; x_wconf 88' lang='lat' dir='ltr'><strong>posse</strong></span> <span class='ocrx_word' id='word_1_55' title='bbox 947 675 1080 735; x_wconf 89' lang='lat' dir='ltr'><strong>auctore</strong></span> <span class='ocrx_word' id='word_1_56' title='bbox 1101 693 1164 734; x_wconf 92' lang='lat' dir='ltr'><strong>me.</strong></span> 
     </span>
     <span class='ocr_line' id='line_1_8' title="bbox 143 760 1163 845; baseline -0.004 -19"><span class='ocrx_word' id='word_1_57' title='bbox 143 761 216 826; x_wconf 88' lang='lat' dir='ltr'><strong>Hoc</strong></span> <span class='ocrx_word' id='word_1_58' title='bbox 243 763 329 826; x_wconf 87' lang='lat' dir='ltr'><strong>enim</strong></span> <span class='ocrx_word' id='word_1_59' title='bbox 355 761 411 824; x_wconf 88' lang='lat' dir='ltr'><strong>ille</strong></span> <span class='ocrx_word' id='word_1_60' title='bbox 439 764 603 845; x_wconf 86' lang='lat' dir='ltr'><strong>exspectat</strong></span> <span class='ocrx_word' id='word_1_61' title='bbox 630 760 779 825; x_wconf 87' lang='lat' dir='ltr'><strong>videlicet</strong></span> <span class='ocrx_word' id='word_1_62' title='bbox 808 781 913 843; x_wconf 87' lang='lat' dir='ltr'><strong>neque</strong></span> <span class='ocrx_word' id='word_1_63' title='bbox 940 763 989 824; x_wconf 89' lang='lat' dir='ltr'><strong>est</strong></span> <span class='ocrx_word' id='word_1_64' title='bbox 1016 760 1163 822; x_wconf 86' lang='lat' dir='ltr'><strong>facturus</strong></span> 
     </span>
     <span class='ocr_line' id='line_1_9' title="bbox 145 847 1163 934; baseline -0.003 -21"><span class='ocrx_word' id='word_1_65' title='bbox 145 851 317 934; x_wconf 89' lang='lat' dir='ltr'><strong>quicquam</strong></span> <span class='ocrx_word' id='word_1_66' title='bbox 346 849 411 913; x_wconf 89' lang='lat' dir='ltr'><strong>nisi</strong></span> <span class='ocrx_word' id='word_1_67' title='bbox 438 849 476 912; x_wconf 89' lang='lat' dir='ltr'><strong>de</strong></span> <span class='ocrx_word' id='word_1_68' title='bbox 503 871 575 914; x_wconf 89' lang='lat' dir='ltr'><strong>meo</strong></span> <span class='ocrx_word' id='word_1_69' title='bbox 603 849 746 913; x_wconf 89' lang='lat' dir='ltr'><strong>consilio.</strong></span> <span class='ocrx_word' id='word_1_70' title='bbox 797 847 954 933; x_wconf 78' lang='lat' dir='ltr'><strong>Obsecro,</strong></span> <span class='ocrx_word' id='word_1_71' title='bbox 985 847 1163 911; x_wconf 82' lang='lat' dir='ltr'><strong>abiciamus</strong></span> 
     </span>
     <span class='ocr_line' id='line_1_10' title="bbox 144 935 1164 1021; baseline -0.003 -20"><span class='ocrx_word' id='word_1_72' title='bbox 144 938 209 1001; x_wconf 88' lang='lat' dir='ltr'><strong>ista</strong></span> <span class='ocrx_word' id='word_1_73' title='bbox 236 943 268 1002; x_wconf 90' lang='grc'><strong>11</strong></span> <span class='ocrx_word' id='word_1_74' title='bbox 297 935 466 1002; x_wconf 90' lang='lat' dir='ltr'><strong>similiberi</strong></span> <span class='ocrx_word' id='word_1_75' title='bbox 497 937 612 1002; x_wconf 89' lang='lat' dir='ltr'><strong>saltem</strong></span> <span class='ocrx_word' id='word_1_76' title='bbox 636 937 751 1020; x_wconf 82' lang='lat' dir='ltr'><strong>simus3</strong></span> <span class='ocrx_word' id='word_1_77' title='bbox 784 937 871 1021; x_wconf 91' lang='lat' dir='ltr'><strong>quod</strong></span> <span class='ocrx_word' id='word_1_78' title='bbox 894 936 1107 1019; x_wconf 84' lang='lat' dir='ltr'><strong>adsequamur</strong></span> <span class='ocrx_word' id='word_1_79' title='bbox 1131 938 1164 998; x_wconf 91' lang='lat' dir='ltr'><strong>et</strong></span> 
     </span>
     <span class='ocr_line' id='line_1_11' title="bbox 144 1025 1202 1089; baseline -0.002 -1"><span class='ocrx_word' id='word_1_80' title='bbox 144 1026 279 1089; x_wconf 90' lang='lat' dir='ltr'><strong>tacendo</strong></span> <span class='ocrx_word' id='word_1_81' title='bbox 304 1029 337 1088; x_wconf 91' lang='lat' dir='ltr'><strong>et</strong></span> <span class='ocrx_word' id='word_1_82' title='bbox 359 1025 498 1089; x_wconf 82' lang='lat' dir='ltr'><strong>latendo</strong></span> <span class='ocrx_word' id='word_1_83' title='bbox 1176 1049 1202 1087; x_wconf 80' lang='lat' dir='ltr'><strong>ro</strong></span> 
     </span>
    </p>

    <p class='ocr_par' dir='ltr' id='par_1_5' title="bbox 107 1110 1261 2078">
     <span class='ocr_line' id='line_1_12' title="bbox 107 1110 1261 1199; baseline -0.003 -21"><span class='ocrx_word' id='word_1_84' title='bbox 107 1132 125 1178; x_wconf 85' lang='lat'>4</span> <span class='ocrx_word' id='word_1_85' title='bbox 212 1112 275 1177; x_wconf 84' lang='lat' dir='ltr'><strong>Sed</strong></span> <span class='ocrx_word' id='word_1_86' title='bbox 304 1113 476 1197; x_wconf 86' lang='lat' dir='ltr'><strong>adgredere</strong></span> <span class='ocrx_word' id='word_1_87' title='bbox 499 1112 675 1199; x_wconf 79' lang='lat' dir='ltr'><strong>Othonem,</strong></span> <span class='ocrx_word' id='word_1_88' title='bbox 706 1117 745 1177; x_wconf 90' lang='lat' dir='ltr'><strong>ut</strong></span> <span class='ocrx_word' id='word_1_89' title='bbox 772 1113 895 1177; x_wconf 91' lang='lat' dir='ltr'><strong>scribis.</strong></span> <span class='ocrx_word' id='word_1_90' title='bbox 943 1110 1086 1197; x_wconf 86' lang='lat' dir='ltr'><strong>Oonfice,</strong></span> <span class='ocrx_word' id='word_1_91' title='bbox 1116 1111 1163 1174; x_wconf 90' lang='lat' dir='ltr'><strong>mi</strong></span> <span class='ocrx_word' id='word_1_92' title='bbox 1260 1149 1261 1158; x_wconf 46' lang='lat'>1</span> 
     </span>
     <span class='ocr_line' id='line_1_13' title="bbox 144 1199 1161 1286; baseline -0.002 -22"><span class='ocrx_word' id='word_1_93' title='bbox 144 1199 263 1286; x_wconf 89' lang='lat' dir='ltr'><strong>Attice,</strong></span> <span class='ocrx_word' id='word_1_94' title='bbox 284 1201 381 1264; x_wconf 91' lang='lat' dir='ltr'><strong>istam</strong></span> <span class='ocrx_word' id='word_1_95' title='bbox 404 1221 481 1266; x_wconf 89' lang='lat' dir='ltr'><strong>rem.</strong></span> <span class='ocrx_word' id='word_1_96' title='bbox 518 1199 612 1265; x_wconf 91' lang='lat' dir='ltr'><strong>Nihil</strong></span> <span class='ocrx_word' id='word_1_97' title='bbox 631 1202 717 1264; x_wconf 90' lang='lat' dir='ltr'><strong>enim</strong></span> <span class='ocrx_word' id='word_1_98' title='bbox 736 1199 823 1264; x_wconf 87' lang='lat' dir='ltr'><strong>aliud</strong></span> <span class='ocrx_word' id='word_1_99' title='bbox 841 1200 978 1286; x_wconf 85' lang='lat' dir='ltr'><strong>reperio,</strong></span> <span class='ocrx_word' id='word_1_100' title='bbox 1000 1201 1058 1264; x_wconf 89' lang='lat' dir='ltr'><strong>ubi</strong></span> <span class='ocrx_word' id='word_1_101' title='bbox 1077 1204 1109 1264; x_wconf 87' lang='lat' dir='ltr'><strong>et</strong></span> <span class='ocrx_word' id='word_1_102' title='bbox 1128 1199 1161 1262; x_wconf 89' lang='lat' dir='ltr'><strong>in</strong></span> 
     </span>
     <span class='ocr_line' id='line_1_14' title="bbox 143 1261 1261 1373; baseline -0.001 -21"><span class='ocrx_word' id='word_1_103' title='bbox 143 1289 215 1352; x_wconf 86' lang='lat' dir='ltr'><strong>foro</strong></span> <span class='ocrx_word' id='word_1_104' title='bbox 242 1310 308 1352; x_wconf 88' lang='lat' dir='ltr'><strong>non</strong></span> <span class='ocrx_word' id='word_1_105' title='bbox 336 1289 397 1353; x_wconf 90' lang='lat' dir='ltr'><strong>sim</strong></span> <span class='ocrx_word' id='word_1_106' title='bbox 425 1293 458 1354; x_wconf 91' lang='lat' dir='ltr'><strong>et</strong></span> <span class='ocrx_word' id='word_1_107' title='bbox 484 1294 592 1353; x_wconf 90' lang='lat' dir='ltr'><strong>tecum</strong></span> <span class='ocrx_word' id='word_1_108' title='bbox 620 1310 690 1354; x_wconf 87' lang='lat' dir='ltr'><strong>csse</strong></span> <span class='ocrx_word' id='word_1_109' title='bbox 718 1289 850 1373; x_wconf 89' lang='lat' dir='ltr'><strong>possim.</strong></span> <span class='ocrx_word' id='word_1_110' title='bbox 897 1288 1018 1365; x_wconf 80' lang='lat' dir='ltr'><strong>Quanti</strong></span> <span class='ocrx_word' id='word_1_111' title='bbox 1046 1292 1163 1372; x_wconf 88' lang='lat' dir='ltr'><strong>autem,</strong></span> <span class='ocrx_word' id='word_1_112' title='bbox 1260 1261 1261 1340; x_wconf 83' lang='grc'><strong>1</strong></span> 
     </span>
     <span class='ocr_line' id='line_1_15' title="bbox 143 1374 1163 1460; baseline -0.001 -20"><span class='ocrx_word' id='word_1_113' title='bbox 143 1376 205 1440; x_wconf 93' lang='lat' dir='ltr'><strong>hoc</strong></span> <span class='ocrx_word' id='word_1_114' title='bbox 227 1376 309 1440; x_wconf 88' lang='lat' dir='ltr'><strong>mihi</strong></span> <span class='ocrx_word' id='word_1_115' title='bbox 331 1377 421 1441; x_wconf 84' lang='lat' dir='ltr'><strong>venit</strong></span> <span class='ocrx_word' id='word_1_116' title='bbox 443 1378 479 1442; x_wconf 92' lang='lat' dir='ltr'><strong>in</strong></span> <span class='ocrx_word' id='word_1_117' title='bbox 501 1380 650 1441; x_wconf 89' lang='lat' dir='ltr'><strong>mentem.</strong></span> <span class='ocrx_word' id='word_1_118' title='bbox 689 1374 722 1441; x_wconf 89' lang='lat' dir='ltr'><strong>O.</strong></span> <span class='ocrx_word' id='word_1_119' title='bbox 741 1376 903 1441; x_wconf 84' lang='lat' dir='ltr'><strong>Albanius</strong></span> <span class='ocrx_word' id='word_1_120' title='bbox 926 1377 1096 1460; x_wconf 81' lang='lat' dir='ltr'><strong>proximus</strong></span> <span class='ocrx_word' id='word_1_121' title='bbox 1114 1379 1163 1439; x_wconf 87' lang='lat' dir='ltr'><strong>est</strong></span> 
     </span>
     <span class='ocr_line' id='line_1_16' title="bbox 143 1461 1200 1550; baseline 0 -22"><span class='ocrx_word' id='word_1_122' title='bbox 143 1465 276 1529; x_wconf 87' lang='lat' dir='ltr'><strong>vicinus.</strong></span> <span class='ocrx_word' id='word_1_123' title='bbox 326 1463 360 1530; x_wconf 90' lang='lat' dir='ltr'><strong>Is</strong></span> <span class='ocrx_word' id='word_1_124' title='bbox 394 1481 449 1530; x_wconf 77' lang='lat'><strong>010</strong></span> <span class='ocrx_word' id='word_1_125' title='bbox 482 1466 631 1550; x_wconf 84' lang='lat' dir='ltr'><strong>iugerum</strong></span> <span class='ocrx_word' id='word_1_126' title='bbox 658 1465 697 1528; x_wconf 90' lang='lat' dir='ltr'><strong>de</strong></span> <span class='ocrx_word' id='word_1_127' title='bbox 725 1465 769 1530; x_wconf 88' lang='lat' dir='ltr'><strong>M.</strong></span> <span class='ocrx_word' id='word_1_128' title='bbox 791 1461 876 1529; x_wconf 90' lang='lat' dir='ltr'><strong>Pilio</strong></span> <span class='ocrx_word' id='word_1_129' title='bbox 904 1464 998 1548; x_wconf 89' lang='lat' dir='ltr'><strong>emit,</strong></span> <span class='ocrx_word' id='word_1_130' title='bbox 1027 1469 1064 1529; x_wconf 93' lang='lat' dir='ltr'><strong>ut</strong></span> <span class='ocrx_word' id='word_1_131' title='bbox 1091 1485 1200 1528; x_wconf 79' lang='lat' dir='ltr'><strong>mears</strong></span> 
     </span>
     <span class='ocr_line' id='line_1_17' title="bbox 143 1551 1162 1636; baseline 0 -20"><span class='ocrx_word' id='word_1_132' title='bbox 143 1555 297 1617; x_wconf 89' lang='lat' dir='ltr'><strong>memoria</strong></span> <span class='ocrx_word' id='word_1_133' title='bbox 325 1557 388 1636; x_wconf 92' lang='lat' dir='ltr'><strong>est,</strong></span> <span class='ocrx_word' id='word_1_134' title='bbox 414 1552 471 1617; x_wconf 84' lang='lat' dir='ltr'><strong>Hs</strong></span> <span class='ocrx_word' id='word_1_135' title='bbox 494 1557 573 1618; x_wconf 65' lang='grc' dir='ltr'><strong>οἶν.</strong></span> <span class='ocrx_word' id='word_1_136' title='bbox 619 1551 737 1616; x_wconf 88' lang='lat' dir='ltr'><strong>Omnia</strong></span> <span class='ocrx_word' id='word_1_137' title='bbox 765 1553 887 1618; x_wconf 85' lang='lat' dir='ltr'><strong>scilicet</strong></span> <span class='ocrx_word' id='word_1_138' title='bbox 909 1574 997 1618; x_wconf 91' lang='lat' dir='ltr'><strong>nunc</strong></span> <span class='ocrx_word' id='word_1_139' title='bbox 1019 1552 1162 1616; x_wconf 80' lang='lat' dir='ltr'><strong>minoris</strong></span> 
     </span>
     <span class='ocr_line' id='line_1_18' title="bbox 144 1639 1164 1725; baseline -0.001 -20"><span class='ocrx_word' id='word_1_140' title='bbox 144 1639 206 1706; x_wconf 87' lang='lat' dir='ltr'><strong>Sed</strong></span> <span class='ocrx_word' id='word_1_141' title='bbox 236 1641 357 1705; x_wconf 87' lang='lat' dir='ltr'><strong>accedit</strong></span> <span class='ocrx_word' id='word_1_142' title='bbox 387 1640 562 1725; x_wconf 75' lang='lat' dir='ltr'><strong>cupiditas,</strong></span> <span class='ocrx_word' id='word_1_143' title='bbox 591 1641 627 1704; x_wconf 89' lang='lat' dir='ltr'><strong>in</strong></span> <span class='ocrx_word' id='word_1_144' title='bbox 656 1663 720 1725; x_wconf 88' lang='lat' dir='ltr'><strong>qua</strong></span> <span class='ocrx_word' id='word_1_145' title='bbox 750 1645 878 1725; x_wconf 88' lang='lat' dir='ltr'><strong>praeter</strong></span> <span class='ocrx_word' id='word_1_146' title='bbox 906 1640 1070 1706; x_wconf 89' lang='lat' dir='ltr'><strong>Othonem</strong></span> <span class='ocrx_word' id='word_1_147' title='bbox 1095 1662 1164 1704; x_wconf 91' lang='lat' dir='ltr'><strong>non</strong></span> 
     </span>
     <span class='ocr_line' id='line_1_19' title="bbox 142 1728 1163 1813; baseline 0.001 -21"><span class='ocrx_word' id='word_1_148' title='bbox 142 1734 222 1813; x_wconf 89' lang='lat' dir='ltr'><strong>puto</strong></span> <span class='ocrx_word' id='word_1_149' title='bbox 249 1750 309 1794; x_wconf 90' lang='lat' dir='ltr'><strong>nos</strong></span> <span class='ocrx_word' id='word_1_150' title='bbox 337 1729 442 1793; x_wconf 91' lang='lat' dir='ltr'><strong>ullum</strong></span> <span class='ocrx_word' id='word_1_151' title='bbox 465 1729 685 1794; x_wconf 85' lang='lat' dir='ltr'><strong>adversarium</strong></span> <span class='ocrx_word' id='word_1_152' title='bbox 707 1729 887 1794; x_wconf 90' lang='lat' dir='ltr'><strong>habituros.</strong></span> <span class='ocrx_word' id='word_1_153' title='bbox 934 1728 998 1795; x_wconf 87' lang='lat' dir='ltr'><strong>Sed</strong></span> <span class='ocrx_word' id='word_1_154' title='bbox 1020 1751 1094 1800; x_wconf 87' lang='lat' dir='ltr'><strong>eum</strong></span> <span class='ocrx_word' id='word_1_155' title='bbox 1116 1729 1163 1812; x_wconf 83' lang='lat' dir='ltr'><strong>ip</strong></span> 
     </span>
     <span class='ocr_line' id='line_1_20' title="bbox 143 1815 1164 1904; baseline 0 -24"><span class='ocrx_word' id='word_1_156' title='bbox 143 1839 215 1881; x_wconf 89' lang='lat' dir='ltr'><strong>sum</strong></span> <span class='ocrx_word' id='word_1_157' title='bbox 238 1821 276 1881; x_wconf 91' lang='lat' dir='ltr'><strong>tu</strong></span> <span class='ocrx_word' id='word_1_158' title='bbox 298 1818 420 1900; x_wconf 89' lang='lat' dir='ltr'><strong>poteris</strong></span> <span class='ocrx_word' id='word_1_159' title='bbox 443 1839 587 1903; x_wconf 85' lang='lat' dir='ltr'><strong>movere,</strong></span> <span class='ocrx_word' id='word_1_160' title='bbox 614 1817 742 1882; x_wconf 87' lang='lat' dir='ltr'><strong>facilius</strong></span> <span class='ocrx_word' id='word_1_161' title='bbox 767 1818 881 1904; x_wconf 89' lang='lat' dir='ltr'><strong>etiam,</strong></span> <span class='ocrx_word' id='word_1_162' title='bbox 908 1818 936 1881; x_wconf 92' lang='lat' dir='ltr'><strong>si</strong></span> <span class='ocrx_word' id='word_1_163' title='bbox 960 1815 1086 1882; x_wconf 90' lang='lat' dir='ltr'><strong>Oanum</strong></span> <span class='ocrx_word' id='word_1_164' title='bbox 1108 1816 1164 1880; x_wconf 87' lang='lat' dir='ltr'><strong>ha-</strong></span> 
     </span>
     <span class='ocr_line' id='line_1_21' title="bbox 141 1903 1200 1990; baseline 0.002 -22"><span class='ocrx_word' id='word_1_165' title='bbox 141 1905 242 1970; x_wconf 89' lang='lat' dir='ltr'><strong>beres.</strong></span> <span class='ocrx_word' id='word_1_166' title='bbox 289 1903 450 1990; x_wconf 82' lang='lat' dir='ltr'><strong>Ogulam</strong></span> <span class='ocrx_word' id='word_1_167' title='bbox 472 1906 646 1970; x_wconf 88' lang='lat' dir='ltr'><strong>insulsaml</strong></span> <span class='ocrx_word' id='word_1_168' title='bbox 683 1905 787 1970; x_wconf 89' lang='lat' dir='ltr'><strong>Pudet</strong></span> <span class='ocrx_word' id='word_1_169' title='bbox 809 1928 860 1970; x_wconf 91' lang='lat' dir='ltr'><strong>me</strong></span> <span class='ocrx_word' id='word_1_170' title='bbox 883 1906 994 1990; x_wconf 89' lang='lat' dir='ltr'><strong>patris.</strong></span> <span class='ocrx_word' id='word_1_171' title='bbox 1036 1905 1200 1970; x_wconf 81' lang='lat' dir='ltr'><strong>Rescri-ao</strong></span> 
     </span>
     <span class='ocr_line' id='line_1_22' title="bbox 142 1993 483 2078; baseline -0.003 -20"><span class='ocrx_word' id='word_1_172' title='bbox 142 1994 209 2078; x_wconf 88' lang='lat' dir='ltr'><strong>bes,</strong></span> <span class='ocrx_word' id='word_1_173' title='bbox 233 1994 261 2058; x_wconf 92' lang='lat' dir='ltr'><strong>si</strong></span> <span class='ocrx_word' id='word_1_174' title='bbox 285 1994 362 2078; x_wconf 90' lang='lat' dir='ltr'><strong>quid</strong></span> <span class='ocrx_word' id='word_1_175' title='bbox 385 1993 483 2058; x_wconf 85' lang='lat' dir='ltr'><strong>voles.</strong></span> 
     </span>
    </p>
   </div>
   <div class='ocr_carea' id='block_1_4' title="bbox 307 2168 993 2359">
    <p class='ocr_par' dir='ltr' id='par_1_6' title="bbox 307 2168 993 2359">
     <span class='ocr_line' id='line_1_23' title="bbox 583 2168 718 2234; baseline 0 0"><span class='ocrx_word' id='word_1_176' title='bbox 583 2168 718 2234; x_wconf 85' lang='lat' dir='ltr'>XXXII.</span> 
     </span>
     <span class='ocr_line' id='line_1_24' title="bbox 307 2289 993 2359; baseline 0 -13"><span class='ocrx_word' id='word_1_177' title='bbox 307 2290 365 2346; x_wconf 82' lang='lat' dir='ltr'><strong>Sor.</strong></span> <span class='ocrx_word' id='word_1_178' title='bbox 381 2291 412 2344; x_wconf 77' lang='lat' dir='ltr'><strong>ia</strong></span> <span class='ocrx_word' id='word_1_179' title='bbox 433 2290 590 2346; x_wconf 75' lang='lat' dir='ltr'><strong>Tusculano</strong></span> <span class='ocrx_word' id='word_1_180' title='bbox 608 2290 658 2344; x_wconf 77' lang='lat' dir='ltr'><strong>IV</strong></span> <span class='ocrx_word' id='word_1_181' title='bbox 673 2289 711 2344; x_wconf 86' lang='lat' dir='ltr'><strong>K.</strong></span> <span class='ocrx_word' id='word_1_182' title='bbox 724 2291 791 2345; x_wconf 77' lang='lat' dir='ltr'><strong>Ius.</strong></span> <span class='ocrx_word' id='word_1_183' title='bbox 806 2308 833 2345; x_wconf 85' lang='lat' dir='ltr'><strong>a.</strong></span> <span class='ocrx_word' id='word_1_184' title='bbox 849 2295 903 2346; x_wconf 85' lang='lat'><strong>709</strong></span> <span class='ocrx_word' id='word_1_185' title='bbox 923 2293 993 2359; x_wconf 78' lang='lat'><em>(45).</em></span> 
     </span>
    </p>
   </div>
   <div class='ocr_carea' id='block_1_5' title="bbox 449 2412 860 2469">
    <p class='ocr_par' dir='ltr' id='par_1_7' title="bbox 449 2412 860 2469">
     <span class='ocr_line' id='line_1_25' title="bbox 449 2412 860 2469; baseline 0.002 -2"><span class='ocrx_word' id='word_1_186' title='bbox 449 2412 594 2468; x_wconf 74' lang='lat' dir='ltr'><strong>CICERO</strong></span> <span class='ocrx_word' id='word_1_187' title='bbox 612 2413 759 2469; x_wconf 78' lang='lat' dir='ltr'><strong>Arrroo</strong></span> <span class='ocrx_word' id='word_1_188' title='bbox 777 2413 860 2468; x_wconf 76' lang='lat' dir='ltr'><strong>SAL.</strong></span> 
     </span>
    </p>
   </div>
   <div class='ocr_carea' id='block_1_6' title="bbox 109 2518 1261 3488">
    <p class='ocr_par' dir='ltr' id='par_1_8' title="bbox 109 2518 1261 3130">
     <span class='ocr_line' id='line_1_26' title="bbox 109 2518 1261 2607; baseline -0.003 -22"><span class='ocrx_word' id='word_1_189' title='bbox 109 2538 124 2585; x_wconf 89' lang='lat'>1</span> <span class='ocrx_word' id='word_1_190' title='bbox 211 2518 358 2584; x_wconf 81' lang='lat' dir='ltr'><strong>Alteram</strong></span> <span class='ocrx_word' id='word_1_191' title='bbox 394 2543 414 2584; x_wconf 94' lang='lat' dir='ltr'><strong>a</strong></span> <span class='ocrx_word' id='word_1_192' title='bbox 450 2525 482 2584; x_wconf 92' lang='lat' dir='ltr'><strong>te</strong></span> <span class='ocrx_word' id='word_1_193' title='bbox 520 2520 694 2604; x_wconf 82' lang='lat' dir='ltr'><strong>epistulam</strong></span> <span class='ocrx_word' id='word_1_194' title='bbox 729 2542 802 2586; x_wconf 91' lang='lat' dir='ltr'><strong>cum</strong></span> <span class='ocrx_word' id='word_1_195' title='bbox 833 2520 930 2586; x_wconf 88' lang='lat' dir='ltr'><strong>hodie</strong></span> <span class='ocrx_word' id='word_1_196' title='bbox 962 2523 1165 2607; x_wconf 89' lang='lat' dir='ltr'><strong>accepissem,</strong></span> <span class='ocrx_word' id='word_1_197' title='bbox 1177 2549 1201 2589; x_wconf 75' lang='lat' dir='ltr'><strong>a</strong></span> <span class='ocrx_word' id='word_1_198' title='bbox 1260 2521 1261 2582; x_wconf 64' lang='lat' dir='ltr'><strong>l</strong></span> 
     </span>
     <span class='ocr_line' id='line_1_27' title="bbox 144 2607 1261 2695; baseline 0.004 -25"><span class='ocrx_word' id='word_1_199' title='bbox 144 2607 235 2671; x_wconf 92' lang='lat' dir='ltr'><strong>nolui</strong></span> <span class='ocrx_word' id='word_1_200' title='bbox 267 2611 301 2671; x_wconf 89' lang='lat' dir='ltr'><strong>te</strong></span> <span class='ocrx_word' id='word_1_201' title='bbox 332 2630 397 2672; x_wconf 89' lang='lat' dir='ltr'><strong>una</strong></span> <span class='ocrx_word' id='word_1_202' title='bbox 427 2631 500 2672; x_wconf 91' lang='lat' dir='ltr'><strong>mea</strong></span> <span class='ocrx_word' id='word_1_203' title='bbox 532 2613 728 2674; x_wconf 90' lang='lat' dir='ltr'><strong>contentum.</strong></span> <span class='ocrx_word' id='word_1_204' title='bbox 782 2608 832 2673; x_wconf 79' lang='lat' dir='ltr'><strong>Tu</strong></span> <span class='ocrx_word' id='word_1_205' title='bbox 861 2631 938 2674; x_wconf 84' lang='lat' dir='ltr'><strong>vero</strong></span> <span class='ocrx_word' id='word_1_206' title='bbox 971 2631 1045 2695; x_wconf 83' lang='lat' dir='ltr'><strong>ago,</strong></span> <span class='ocrx_word' id='word_1_207' title='bbox 1077 2612 1165 2695; x_wconf 90' lang='lat' dir='ltr'><strong>quod</strong></span> <span class='ocrx_word' id='word_1_208' title='bbox 1260 2663 1261 2668; x_wconf 31' lang='lat'>1</span> 
     </span>
     <span class='ocr_line' id='line_1_28' title="bbox 146 2694 1164 2782; baseline 0.005 -24"><span class='ocrx_word' id='word_1_209' title='bbox 146 2694 274 2779; x_wconf 88' lang='lat' dir='ltr'><strong>scribis,</strong></span> <span class='ocrx_word' id='word_1_210' title='bbox 304 2695 343 2760; x_wconf 89' lang='lat' dir='ltr'><strong>de</strong></span> <span class='ocrx_word' id='word_1_211' title='bbox 366 2695 510 2761; x_wconf 86' lang='lat' dir='ltr'><strong>Faberio.</strong></span> <span class='ocrx_word' id='word_1_212' title='bbox 556 2695 597 2762; x_wconf 92' lang='lat' dir='ltr'><strong>In</strong></span> <span class='ocrx_word' id='word_1_213' title='bbox 625 2719 663 2762; x_wconf 91' lang='grc' dir='ltr'><strong>1ο</strong></span> <span class='ocrx_word' id='word_1_214' title='bbox 692 2697 775 2761; x_wconf 90' lang='lat' dir='ltr'><strong>enim</strong></span> <span class='ocrx_word' id='word_1_215' title='bbox 805 2701 913 2762; x_wconf 89' lang='lat' dir='ltr'><strong>totum</strong></span> <span class='ocrx_word' id='word_1_216' title='bbox 940 2704 989 2763; x_wconf 85' lang='lat' dir='ltr'><strong>est</strong></span> <span class='ocrx_word' id='word_1_217' title='bbox 1016 2699 1164 2782; x_wconf 89' lang='lat' dir='ltr'><strong>positum</strong></span> 
     </span>
     <span class='ocr_line' id='line_1_29' title="bbox 145 2783 1261 2872; baseline 0.004 -26"><span class='ocrx_word' id='word_1_218' title='bbox 145 2783 191 2871; x_wconf 90' lang='lat' dir='ltr'><strong>id,</strong></span> <span class='ocrx_word' id='word_1_219' title='bbox 220 2783 307 2866; x_wconf 91' lang='lat' dir='ltr'><strong>quod</strong></span> <span class='ocrx_word' id='word_1_220' title='bbox 334 2785 529 2870; x_wconf 69' lang='lat' dir='ltr'><strong>cogitamus,</strong></span> <span class='ocrx_word' id='word_1_221' title='bbox 561 2806 643 2868; x_wconf 90' lang='lat' dir='ltr'><strong>quae</strong></span> <span class='ocrx_word' id='word_1_222' title='bbox 667 2785 824 2870; x_wconf 83' lang='lat' dir='ltr'><strong>cogitatio</strong></span> <span class='ocrx_word' id='word_1_223' title='bbox 849 2787 967 2850; x_wconf 91' lang='lat' dir='ltr'><strong>sinon</strong></span> <span class='ocrx_word' id='word_1_224' title='bbox 988 2787 1165 2872; x_wconf 86' lang='lat' dir='ltr'><strong>incidisset,</strong></span> <span class='ocrx_word' id='word_1_225' title='bbox 1260 2789 1261 2860; x_wconf 71' lang='grc' dir='ltr'>Ῐ</span> 
     </span>
     <span class='ocr_line' id='line_1_30' title="bbox 144 2871 1261 2954; baseline 0.004 -21"><span class='ocrx_word' id='word_1_226' title='bbox 144 2871 225 2934; x_wconf 91' lang='lat' dir='ltr'><strong>mihi</strong></span> <span class='ocrx_word' id='word_1_227' title='bbox 249 2871 348 2954; x_wconf 89' lang='lat' dir='ltr'><strong>crede,</strong></span> <span class='ocrx_word' id='word_1_228' title='bbox 371 2871 455 2936; x_wconf 91' lang='lat' dir='ltr'><strong>istuc</strong></span> <span class='ocrx_word' id='word_1_229' title='bbox 478 2877 516 2936; x_wconf 93' lang='lat' dir='ltr'><strong>ut</strong></span> <span class='ocrx_word' id='word_1_230' title='bbox 539 2878 644 2938; x_wconf 87' lang='lat' dir='ltr'><strong>cetera</strong></span> <span class='ocrx_word' id='word_1_231' title='bbox 667 2895 734 2936; x_wconf 92' lang='lat' dir='ltr'><strong>non</strong></span> <span class='ocrx_word' id='word_1_232' title='bbox 757 2873 946 2938; x_wconf 89' lang='lat' dir='ltr'><strong>laborarem.</strong></span> <span class='ocrx_word' id='word_1_233' title='bbox 992 2873 1097 2950; x_wconf 83' lang='lat' dir='ltr'><strong>Quam</strong></span> <span class='ocrx_word' id='word_1_234' title='bbox 1121 2877 1163 2940; x_wconf 93' lang='lat' dir='ltr'><strong>ob</strong></span> <span class='ocrx_word' id='word_1_235' title='bbox 1260 2877 1261 2938; x_wconf 70' lang='lat'>1</span> 
     </span>
     <span class='ocr_line' id='line_1_31' title="bbox 145 2957 1261 3050; baseline 0.004 -27"><span class='ocrx_word' id='word_1_236' title='bbox 145 2981 228 3043; x_wconf 89' lang='lat' dir='ltr'><strong>rem,</strong></span> <span class='ocrx_word' id='word_1_237' title='bbox 261 2963 299 3023; x_wconf 90' lang='lat' dir='ltr'><strong>ut</strong></span> <span class='ocrx_word' id='word_1_238' title='bbox 332 2959 411 3023; x_wconf 87' lang='lat' dir='ltr'><strong>facis</strong></span> <span class='ocrx_word' id='word_1_239' title='bbox 442 2957 541 3046; x_wconf 89' lang='lat' dir='ltr'><strong>(istuc</strong></span> <span class='ocrx_word' id='word_1_240' title='bbox 571 2963 657 3024; x_wconf 90' lang='lat' dir='ltr'><strong>enirn</strong></span> <span class='ocrx_word' id='word_1_241' title='bbox 687 2961 760 3025; x_wconf 89' lang='lat' dir='ltr'><strong>addi</strong></span> <span class='ocrx_word' id='word_1_242' title='bbox 789 2961 873 3026; x_wconf 88' lang='lat' dir='ltr'><strong>nihil</strong></span> <span class='ocrx_word' id='word_1_243' title='bbox 901 2961 1040 3050; x_wconf 89' lang='lat' dir='ltr'><strong>potest),</strong></span> <span class='ocrx_word' id='word_1_244' title='bbox 1074 2985 1165 3050; x_wconf 84' lang='lat' dir='ltr'><strong>urge,</strong></span> <span class='ocrx_word' id='word_1_245' title='bbox 1177 2990 1202 3030; x_wconf 82' lang='lat' dir='ltr'><strong>ao</strong></span> <span class='ocrx_word' id='word_1_246' title='bbox 1260 2957 1261 3022; x_wconf 67' lang='lat' dir='ltr'><strong>i</strong></span> 
     </span>
     <span class='ocr_line' id='line_1_32' title="bbox 145 3047 1261 3130; baseline 0.005 -20"><span class='ocrx_word' id='word_1_247' title='bbox 145 3048 239 3129; x_wconf 85' lang='lat' dir='ltr'><strong>insta,</strong></span> <span class='ocrx_word' id='word_1_248' title='bbox 262 3047 388 3130; x_wconf 89' lang='lat' dir='ltr'><strong>perfice.</strong></span> <span class='ocrx_word' id='word_1_249' title='bbox 1260 3067 1261 3106; x_wconf 54' lang='lat' dir='ltr'><strong>ff</strong></span> 
     </span>
    </p>

    <p class='ocr_par' dir='ltr' id='par_1_9' title="bbox 109 3134 1201 3488">
     <span class='ocr_line' id='line_1_33' title="bbox 109 3134 1163 3221; baseline 0.002 -20"><span class='ocrx_word' id='word_1_250' title='bbox 109 3154 126 3201; x_wconf 81' lang='grc'><strong>1</strong></span> <span class='ocrx_word' id='word_1_251' title='bbox 212 3134 400 3200; x_wconf 88' lang='lat' dir='ltr'><strong>Dicaearchi</strong></span> <span class='ocrx_word' id='word_1_252' title='bbox 432 3134 509 3221; x_wconf 79' lang='grc' dir='ltr'><strong><em>περὶ</em></strong></span> <span class='ocrx_word' id='word_1_253' title='bbox 541 3145 649 3220; x_wconf 75' lang='grc' dir='ltr'><strong><em>ψυχῆς</em></strong></span> <span class='ocrx_word' id='word_1_254' title='bbox 685 3141 839 3221; x_wconf 89' lang='lat' dir='ltr'><strong>utrosque</strong></span> <span class='ocrx_word' id='word_1_255' title='bbox 866 3139 964 3202; x_wconf 84' lang='lat' dir='ltr'><strong>velim</strong></span> <span class='ocrx_word' id='word_1_256' title='bbox 990 3139 1103 3203; x_wconf 85' lang='lat' dir='ltr'><strong>mittas</strong></span> <span class='ocrx_word' id='word_1_257' title='bbox 1130 3144 1163 3204; x_wconf 89' lang='lat' dir='ltr'><strong>et</strong></span> 
     </span>
     <span class='ocr_line' id='line_1_34' title="bbox 145 3225 1162 3311; baseline 0.004 -24"><span class='ocrx_word' id='word_1_258' title='bbox 145 3225 361 3307; x_wconf 76' lang='grc' dir='ltr'><strong><em>καταβάσεως.</em></strong></span> <span class='ocrx_word' id='word_1_259' title='bbox 419 3225 655 3308; x_wconf 80' lang='grc' dir='ltr'><strong><em>Τριπολιτικὸν</em></strong></span> <span class='ocrx_word' id='word_1_260' title='bbox 680 3246 748 3289; x_wconf 93' lang='lat' dir='ltr'><strong>non</strong></span> <span class='ocrx_word' id='word_1_261' title='bbox 775 3226 904 3290; x_wconf 83' lang='lat' dir='ltr'><strong>invenio</strong></span> <span class='ocrx_word' id='word_1_262' title='bbox 932 3231 966 3291; x_wconf 91' lang='lat' dir='ltr'><strong>et</strong></span> <span class='ocrx_word' id='word_1_263' title='bbox 989 3227 1162 3311; x_wconf 88' lang='lat' dir='ltr'><strong>epistulam</strong></span> 
     </span>
     <span class='ocr_line' id='line_1_35' title="bbox 146 3310 1161 3394; baseline 0.006 -21"><span class='ocrx_word' id='word_1_264' title='bbox 146 3311 230 3394; x_wconf 88' lang='lat' dir='ltr'><strong>eius,</strong></span> <span class='ocrx_word' id='word_1_265' title='bbox 259 3333 356 3394; x_wconf 88' lang='lat' dir='ltr'><strong>quam</strong></span> <span class='ocrx_word' id='word_1_266' title='bbox 386 3312 425 3376; x_wconf 87' lang='lat' dir='ltr'><strong>ad</strong></span> <span class='ocrx_word' id='word_1_267' title='bbox 454 3310 686 3375; x_wconf 86' lang='lat' dir='ltr'><strong>Aristoxenum</strong></span> <span class='ocrx_word' id='word_1_268' title='bbox 714 3314 813 3377; x_wconf 84' lang='lat' dir='ltr'><strong>misit.</strong></span> <span class='ocrx_word' id='word_1_269' title='bbox 864 3314 943 3378; x_wconf 84' lang='lat' dir='ltr'><strong>Tres</strong></span> <span class='ocrx_word' id='word_1_270' title='bbox 974 3336 1030 3379; x_wconf 88' lang='lat' dir='ltr'><strong>eos</strong></span> <span class='ocrx_word' id='word_1_271' title='bbox 1059 3315 1161 3380; x_wconf 91' lang='lat' dir='ltr'><strong>libros</strong></span> 
     </span>
     <span class='ocr_line' id='line_1_36' title="bbox 145 3398 1201 3488; baseline 0.009 -29"><span class='ocrx_word' id='word_1_272' title='bbox 145 3399 286 3462; x_wconf 85' lang='lat' dir='ltr'><strong>maxime</strong></span> <span class='ocrx_word' id='word_1_273' title='bbox 307 3421 393 3464; x_wconf 91' lang='lat' dir='ltr'><strong>nunc</strong></span> <span class='ocrx_word' id='word_1_274' title='bbox 415 3398 545 3482; x_wconf 84' lang='lat' dir='ltr'><strong>vellem3</strong></span> <span class='ocrx_word' id='word_1_275' title='bbox 574 3399 642 3480; x_wconf 90' lang='lat' dir='ltr'><strong>apti</strong></span> <span class='ocrx_word' id='word_1_276' title='bbox 666 3405 771 3465; x_wconf 90' lang='lat' dir='ltr'><strong>essent</strong></span> <span class='ocrx_word' id='word_1_277' title='bbox 795 3402 835 3465; x_wconf 88' lang='lat' dir='ltr'><strong>ad</strong></span> <span class='ocrx_word' id='word_1_278' title='bbox 857 3402 905 3488; x_wconf 90' lang='lat' dir='ltr'><strong>id,</strong></span> <span class='ocrx_word' id='word_1_279' title='bbox 934 3403 1021 3486; x_wconf 87' lang='lat' dir='ltr'><strong>quod</strong></span> <span class='ocrx_word' id='word_1_280' title='bbox 1044 3404 1160 3488; x_wconf 81' lang='lat' dir='ltr'><strong>cogito.</strong></span> <span class='ocrx_word' id='word_1_281' title='bbox 1175 3428 1201 3470; x_wconf 80' lang='lat' dir='ltr'><strong>as</strong></span> 
     </span>
    </p>
   </div>
   <div class='ocr_carea' id='block_1_7' title="bbox 0 0 1286 3880">
    <p class='ocr_par' dir='ltr' id='par_1_10' title="bbox 0 0 1286 3880">
     <span class='ocr_line' id='line_1_37' title="bbox 0 0 1286 3880; baseline 0 1"><span class='ocrx_word' id='word_1_282' title='bbox 0 0 1286 3880; x_wconf 95' lang='lat' dir='ltr'><strong> </strong></span> 
     </span>
    </p>
   </div>
  </div>
 </body>
</html>
