2578 3886
165 137 230 200 288
486 136 649 191 mrum
667 133 859 190 CICERONIS
910 167 912 171 -

159 281 258 345 tiam
294 281 371 365 illi;
411 301 534 363 neque
572 279 671 343 enim
708 278 826 342 aliter
863 278 992 342 facere
1024 277 1194 360 poterit.

158 369 287 433 Tanta
316 370 398 434 eius
425 367 661 452 humanitas,
690 367 722 430 is
747 388 893 452 sensus,
921 388 962 430 ea
985 367 1025 430 in
1048 389 1107 430 me
1132 369 1195 430 cst

159 456 463 522 benevolentia?

623 631 728 697 XVII.

332 754 389 810 Ser.
404 754 436 806 iu
455 753 608 807 Formiano
632 753 677 808 VI
692 753 729 806 K.
745 753 815 822 Apr.
831 771 857 807 a.
874 755 929 808 705
949 755 1018 820 (49).
1225 761 1237 801 5

470 876 616 931 CICERO
635 876 783 931 ATTIOO
802 876 884 931 SAL.

130 1003 144 1052 1
232 985 422 1049 Trebatium
451 1002 489 1048 v1
510 983 583 1049 Kal.
590 1037 599 1070 ,
627 1007 691 1068 quo
716 984 767 1048 die
788 984 848 1048 has
872 984 998 1048 litteras
1022 984 1110 1069 dedi,
1138 1005 1194 1048 ex-

162 1074 359 1158 spectabam.
409 1073 461 1137 Ex
490 1074 559 1137 eius
586 1074 703 1137 nuntio
733 1073 879 1156 Matique
906 1072 1027 1137 litteris
1055 1072 1194 1136 medita-

165 1163 234 1245 bor,
258 1183 321 1245 quo
346 1161 441 1226 modo
466 1183 539 1226 cum
561 1161 618 1226 illo
642 1162 766 1245 loquar.
813 1159 840 1224 Ο
864 1165 993 1245 tempus
1016 1161 1193 1225 miserum!

165 1248 234 1314 Neo
257 1249 371 1315 dubito
378 1301 387 1335 ,
416 1251 496 1334 quin
519 1273 537 1314 a
560 1272 611 1313 me
635 1249 822 1334 contendat,
852 1250 891 1312 ad
915 1250 1029 1313 urbem
1051 1250 1191 1314 veniam.
1207 1276 1235 1315 ιο

166 1338 321 1406 Senatum
354 1338 440 1402 enim
472 1338 627 1402 Kalendis
661 1338 742 1402 velle
776 1360 809 1402 se
842 1338 1044 1421 frequentem
1078 1337 1192 1402 adesse

165 1427 264 1490 etiam
295 1426 435 1491 Formiis
468 1426 629 1510 proscribi
660 1427 766 1490 iussit.
819 1425 909 1510 Ergo
944 1427 974 1490 ei
1004 1426 1191 1510 negandum

166 1516 237 1579 est?
284 1512 346 1578 Sed
376 1515 454 1599 quid
485 1515 671 1599 praeripio?
708 1513 828 1578 Statim
858 1514 898 1578 ad
928 1518 960 1578 te
990 1515 1192 1598 perscribam

166 1604 282 1668 omnia.
328 1603 381 1667 Ex
408 1603 497 1666 illius
528 1625 675 1668 sermone
698 1606 855 1687 statuam,
881 1601 1084 1686 Arpinumne
1107 1604 1192 1666 mihi

165 1693 305 1756 eundum
338 1692 381 1755 sit
410 1713 452 1754 an
479 1714 542 1775 quo
571 1691 644 1756 alio.
689 1691 775 1756 Volo
806 1690 952 1755 Ciceroni
979 1713 1050 1756 meo
1074 1696 1190 1776 togam
1203 1719 1231 1759 15

130 1798 282 1864 apuram
315 1780 403 1863 darc,
439 1780 514 1844 istic
546 1784 635 1863 puto.
687 1779 750 1864 Tu,
790 1801 923 1864 quaeso,
956 1781 1076 1864 cogita,
1110 1781 1191 1864 quid

167 1869 287 1932 deinde.
334 1866 420 1932 Nam
449 1890 500 1932 me
528 1867 678 1932 hebetem
700 1867 868 1932 molestiae
891 1867 1108 1932 reddiderunt.
1157 1867 1190 1931 A

166 1955 264 2021 Curio
297 1956 395 2020 velim
429 1957 509 2020 scire
542 1957 655 2040 ecquid
684 1956 723 2020 ad
750 1960 783 2020 te
812 1957 969 2040 scriptum
998 1957 1041 2020 sit
1069 1957 1108 2020 de
1136 1956 1190 2020 Ti-

166 2066 251 2108 rone.
298 2043 351 2108 Ad
377 2067 429 2109 me
457 2045 542 2108 enim
572 2045 642 2128 ipse
666 2045 742 2108 Tiro
765 2045 813 2109 ita
838 2045 981 2130 scripsit,
1008 2048 1045 2108 ut
1068 2067 1189 2128 verear,

166 2133 244 2216 quid
267 2135 352 2217 agat.
400 2131 463 2209 Qui
486 2137 595 2197 autem
617 2134 752 2197 veniunt
775 2133 862 2217 inde,
890 2134 1082 2216 κινδυνώδη
1107 2155 1188 2197 nun-
1203 2163 1228 2200 ao

165 2222 258 2284 tiant.
297 2218 380 2284 Sane
403 2221 438 2285 in
461 2221 587 2305 magnis
612 2221 697 2284 curis
717 2221 814 2285 etiam
833 2221 911 2285 haec
929 2243 980 2286 me
999 2221 1187 2286 sollicitant.

165 2307 205 2372 In
232 2309 292 2373 hae
319 2309 404 2373 enim
432 2309 564 2373 fortuna
592 2309 742 2393 perutilis
771 2310 840 2374 eius
869 2313 902 2374 et
930 2331 1028 2394 opera
1056 2313 1088 2373 et
1113 2310 1188 2374 fide-

165 2396 241 2461 litas
265 2400 359 2462 esset.

617 2575 737 2640 XVIII.

394 2693 451 2750 Ser.
466 2695 574 2763 Arpini
595 2695 622 2748 V
638 2697 675 2750 K.
690 2697 760 2765 Apr.
776 2714 800 2750 a.
818 2699 873 2752 705
892 2699 961 2764 (49).
1201 2709 1224 2750 aa

472 2818 617 2873 CICERO
634 2819 781 2874 ATTICO
789 2812 881 2873 oSAL.

132 2942 146 2990 1
234 2923 417 3008 Utrumque
446 2948 484 2990 ex
513 2930 570 2990 tuo
594 2927 743 3012 consili03
776 2949 851 2992 nam
876 2932 908 2991 et
932 2928 1037 2992 oratio
1061 2927 1125 2992 fuit
1150 2951 1186 2992 33

166 3016 289 3098 nostra,
312 3017 349 3077 ut
373 3014 453 3077 bene
476 3015 586 3098 potius
611 3015 665 3079 ille
689 3016 726 3079 de
750 3017 845 3079 nobis
868 3015 1069 3081 existimaret
1089 3039 1185 3100 quam

167 3099 290 3185 gratias
314 3106 433 3187 ageret,
456 3106 488 3166 et
511 3103 546 3166 in
569 3125 606 3166 eo
630 3103 818 3187 mansimuS,
841 3127 881 3168 ne
907 3105 947 3167 ad
965 3105 1087 3168 urbem.
1125 3103 1184 3169 Illa

166 3188 360 3276 fefellerunt,
382 3191 510 3254 facilem
529 3191 616 3274 quod
634 3194 833 3274 putaramus
870 3191 964 3256 Nihil
982 3193 1050 3256 vidi
1068 3193 1183 3258 minua.
1198 3221 1223 3260 ao

167 3274 323 3340 Damnari
361 3300 394 3343 se
429 3283 543 3342 nostro
576 3278 709 3364 iudicio,
738 3281 896 3344 tardiores
929 3280 1000 3344 fore
1032 3281 1184 3366 reliquos,

168 3365 196 3428 si
218 3387 279 3429 nos
300 3387 367 3430 non
385 3368 577 3449 veniremus,
601 3367 712 3431 dicere.
750 3368 823 3452 Ego
844 3369 1035 3432 dissimilem
1053 3369 1183 3434 illorum

169 3473 237 3517 esse
258 3475 393 3520 eausam.
432 3453 514 3519 Cum
533 3455 645 3539 multa,
665 3454 760 3519 ‘Veni
778 3457 881 3540 igitur
900 3462 932 3521 et
951 3479 1011 3544 age
1029 3457 1067 3521 de
1086 3456 1183 3540 paee?
