2578 3886
252 137 511 192 EPISTULARUM
530 139 581 192 AD
599 137 764 192 ATTIUUM
781 139 833 191 XII
853 145 894 207 23,
916 145 957 192 24.
1046 139 1109 202 371

91 283 131 347 de
154 303 206 346 me
230 279 441 368 existimem),
468 281 587 346 levatio
612 282 769 365 quaedam
793 286 851 366 est,
875 282 1034 346 siminus
1059 281 1113 346 do-

89 371 182 454 10113,
206 373 239 434 at
264 371 364 434 officii
386 370 497 434 debiti.

160 457 213 522 Ad
236 456 361 523 Siccam
384 458 507 543 scripsi,
530 459 617 541 quod
640 459 746 523 utitur
768 456 803 522 L.
824 456 929 523 Cotta.
971 455 1006 521 Si
1028 456 1114 521 nihil

92 546 282 611 conficietur
306 546 344 610 de
369 546 636 629 Transtiberinis,
666 546 766 610 habet
789 547 823 609 in
848 544 991 610 Ostiensi
1015 543 1114 610 Cotta

64 658 77 698 5
92 635 301 700 celeberrimo
320 635 401 721 loce,
421 634 477 698 sed
495 635 651 718 pusillum
668 635 742 719 loci,
756 635 796 697 ad
814 634 898 698 hane
917 656 984 698 rem
1003 637 1114 697 tamen

91 724 168 807 plus
193 723 292 788 etiam
315 744 413 806 quam
437 723 525 786 satis.
562 721 599 786 Id
622 723 720 787 velim
743 722 874 807 cogites.
913 720 981 786 Nec
1004 725 1114 785 tamen

92 814 159 876 ista
185 811 291 895 pretia
317 810 489 875 hortorum
517 811 730 894 pertimueris.
776 809 846 875 Nec
873 811 955 874 mihi
977 811 1042 873 iam
1066 832 1114 873 ar-

93 904 193 986 gento
211 921 271 964 nec
289 903 378 963 veste
398 921 479 982 opus
498 903 625 964 estnec
644 899 839 983 quibusdam
858 899 1000 963 amoenis
1019 898 1113 982 locis3

92 989 156 1052 hoo
180 1009 261 1071 opus
286 991 342 1052 est.
379 987 484 1051 Video
508 987 615 1071 etiam,
639 988 796 1071 aquibus
815 987 961 1052 adiuuari
979 986 1112 1070 possim.

51 1100 78 1138 ro
94 1075 160 1140 Sed
185 1076 319 1159 loquere
343 1098 415 1139 cum
440 1074 535 1160 Silio3
562 1075 646 1139 nihil
670 1077 756 1140 enim
780 1080 830 1139 est
853 1076 977 1139 melius.
1024 1073 1115 1138 Man-

93 1165 170 1229 davi
193 1165 291 1228 etiam
315 1162 431 1228 Siccae.
478 1162 658 1246 Rescripsit
682 1164 897 1228 constitutum
922 1185 955 1227 se
979 1185 1052 1226 curn
1076 1184 1114 1226 eo

93 1253 222 1317 habere.
251 1251 377 1317 Scribat
396 1253 498 1337 igitur
517 1252 557 1316 ad
574 1273 635 1336 me,
650 1252 728 1335 quid
747 1252 859 1338 egerit,
873 1256 905 1315 et
924 1255 962 1316 tu
980 1251 1114 1316 ridebis.

548 1462 667 1527 XXIV.

246 1583 303 1642 Ser.
319 1584 439 1640 Asturae
458 1585 545 1637 XIII
560 1585 597 1638 K.
612 1583 683 1652 Apr.
699 1601 724 1637 a.
740 1599 767 1638 a.
783 1600 804 1638 c.
822 1586 877 1637 709
897 1585 966 1650 (45).

54 1713 81 1753 15
404 1706 549 1761 CICERO
567 1704 714 1760 ATTICO
733 1703 815 1758 SAL.

164 1817 251 1882 Bene
274 1816 351 1880 feeit
373 1813 412 1878 A.
433 1811 542 1900 Silius,
565 1813 622 1896 qui
644 1811 847 1896 transegerit.
894 1809 1008 1893 Neque
1031 1810 1117 1873 enim
1138 1828 1152 1877 1

97 1908 127 1971 ei
146 1906 257 1970 deesse
276 1904 425 1969 volebam
444 1907 486 1988 et,
510 1903 587 1986 quid
604 1923 744 1987 possem,
767 1899 932 1964 timebam.
968 1897 1017 1961 De
1037 1896 1118 1961 Ovia

97 1995 228 2078 confice,
250 1996 288 2057 ut
312 1991 434 2056 scribis.
468 1990 517 2055 De
541 1988 695 2072 Cicerone
713 1993 842 2072 tempus
862 2009 931 2052 esse
950 1984 1015 2050 iam
1033 1985 1118 2050 vide-

97 2088 166 2168 tur3
191 2081 247 2146 sed
270 2102 400 2165 quaere,
424 2079 509 2162 quod
532 2079 581 2141 illi
606 2099 687 2161 opus
707 2077 778 2161 erit,
796 2074 935 2139 Athenis
959 2078 1118 2158 permuta-

57 2187 84 2226 20
98 2173 169 2236 rine
192 2170 298 2255 possit
322 2191 362 2232 an
386 2169 450 2251 ipsi
472 2166 640 2230 ferendum
665 2166 717 2251 sit,
741 2164 778 2228 de
802 2166 936 2246 totaque
955 2185 1000 2247 re,
1023 2184 1119 2245 quem

99 2260 139 2324 ad
167 2259 301 2322 modum
324 2261 356 2322 et
381 2255 508 2340 quando
532 2255 670 2339 placeat,
698 2254 797 2317 velim
821 2251 1011 2315 consideres.
1057 2250 1119 2313 Pu-

99 2347 212 2411 blilius
239 2347 387 2409 iturusne
416 2344 459 2407 sit
489 2343 524 2406 in
546 2341 691 2406 Africam
714 2340 912 2426 et'quand0,
942 2361 978 2402 ex
1003 2337 1119 2402 Aledio

100 2437 182 2500 seire
210 2434 341 2518 poteris.
389 2432 530 2509 Quaeras
560 2435 592 2494 et
620 2430 660 2494 ad
687 2451 739 2492 me
767 2428 890 2492 scribas
913 2428 1018 2491 velim.
1065 2426 1155 2511 Et,a

100 2528 137 2588 ut
165 2523 206 2588 ad
235 2544 323 2585 meas
353 2520 493 2603 ineptias
516 2518 658 2604 redeam,
686 2517 784 2581 velim
806 2538 858 2580 me
882 2515 1052 2580 certiorem
1074 2515 1121 2578 fa-

60 2623 86 2665 25
101 2613 181 2696 cias,
212 2611 247 2674 P.
277 2608 426 2693 Crassus,
458 2607 634 2671 Venuleiae
666 2606 767 2690 filius,
798 2605 914 2668 vivone
941 2603 976 2667 P.
1004 2602 1122 2667 Crasso

101 2698 278 2784 consulari,
307 2702 399 2781 patre
428 2717 502 2781 suo,
528 2699 676 2758 mortuus
705 2693 762 2776 sit,
789 2696 827 2756 ut
851 2713 911 2777 ego
934 2691 1123 2755 meminisse

100 2789 220 2872 videor,
244 2808 286 2850 an
308 2789 392 2869 post.
428 2783 511 2848 Item
536 2804 655 2866 quaero
679 2781 717 2844 de
739 2780 879 2865 Regillo,
902 2779 1017 2863 Lepidi
1040 2779 1122 2865 filio,

100 2881 229 2942 rectene
252 2873 455 2939 meminerim
478 2876 570 2955 patre
593 2871 668 2934 vivo
686 2874 860 2933 mortuum.
898 2866 1051 2952 Cispiana
1070 2889 1121 2931 ex·
1140 2884 1155 2932 3

100 2964 238 3050 plicabis
266 2964 408 3045 itemque
430 2960 591 3024 Preciana.
637 2958 687 3023 De
710 2958 821 3022 Attica
845 2957 975 3041 optime.
1021 2956 1067 3019 Et
1091 2956 1120 3020 ei

61 3065 87 3105 ³⁰
101 3054 241 3119 salutem
265 3051 350 3115 dices
374 3053 407 3114 et
429 3048 538 3112 Piliae.
