2586 3886
256 174 516 230 EPISTULARUM
533 177 583 230 AD
602 169 766 232 ATTICUM
783 177 809 232 V
830 184 942 234 18-20.
1047 181 1111 245 149

86 319 206 404 Itaque
229 341 283 384 me
307 319 406 384 etiam
428 319 633 406 admonuisti,
656 325 694 385 ut
718 321 902 407 gauderem,
932 345 1008 387 nam
1030 323 1111 387 mihi

87 409 123 471 in
155 411 301 472 mentem
332 429 400 472 non
431 414 571 473 venerat.
623 409 715 474 ‘Non
747 410 867 495 credo',
897 411 1015 495 inquis.
1065 409 1112 475 Ut

87 496 184 582 libet3
209 495 264 560 sed
286 495 382 579 plane
406 497 545 583 gaudeo,
568 498 722 581 quoniam
745 500 783 563 rb
806 508 949 583 νεμεσᾶν
975 499 1113 563 interest

88 594 152 649 τοῦ
176 591 333 668 φθονεῖν.

64 819 78 859 a
571 795 640 861 XX.

124 931 183 988 ser.
204 934 236 986 ia
256 932 355 988 Cilicia
374 949 400 987 a.
421 935 476 988 703
495 937 555 1002 (51)
576 935 647 988 iuter
666 952 691 989 a.
712 935 738 989 d.
759 935 828 988 XII
842 942 867 991 et
884 935 934 990 IV
950 935 988 990 K.
1006 936 1080 990 Ion..

418 1071 546 1129 CICERO
566 1073 698 1129 ATTICO
719 1074 793 1130 SAL.

162 1195 389 1262 Saturnalibus
406 1221 500 1262 mane
520 1221 553 1263 se
571 1199 653 1263 mihi
670 1198 905 1265 Pindenissitae
923 1200 1111 1266 dedidenmt
1132 1219 1147 1268 1

93 1286 234 1369 septimo
266 1289 298 1350 et
329 1287 596 1372 quinquagesimo
627 1288 691 1373 die,
720 1291 894 1372 postquam
924 1311 1111 1374 oppugnare

54 1397 150 1440 10eos
183 1374 356 1457 coepimus.
407 1374 499 1460 uui,
530 1375 664 1440 malum!
700 1376 758 1439 isti
789 1375 1023 1441 Pindenissitae
1056 1379 1112 1462 qui

94 1462 210 1527 suntP'
240 1463 381 1547 inquies3
412 1464 546 1527 ‘nomen
570 1464 677 1527 audivi
699 1465 897 1548 numquam?
945 1463 1028 1540 Quid
1050 1486 1111 1550 ego

92 1550 233 1615 faciam?
255 1572 335 1615 num
353 1551 447 1634 potui
467 1550 612 1616 Ciliciam
630 1550 794 1616 Aetoliam
818 1556 874 1616 aut
892 1552 1112 1617 Macedoniam

92 1638 248 1704 reddere?
293 1637 365 1702 Hoc
387 1639 453 1703 iam
476 1639 523 1703 sic
544 1638 678 1725 habet0,
706 1661 766 1703 nec
794 1639 856 1704 hoc
886 1640 1028 1704 exercitu
1058 1662 1114 1704 aec

92 1728 147 1792 hic
180 1730 273 1791 tanta
303 1727 436 1811 negotia
467 1727 536 1812 geri
568 1728 721 1810 potuisse.
768 1726 855 1803 Quae
888 1748 1044 1812 cognosce
1076 1727 1114 1792 ἐν

57 1841 80 1881 15
96 1816 249 1901 ἐπιτομῇ;
287 1815 333 1878 sic
369 1815 455 1878 enim
492 1816 638 1879 concedis
670 1814 751 1879 mihi
782 1815 950 1899 proxumis
982 1815 1111 1880 litteris.

94 1904 264 1986 Ephesum
287 1906 324 1966 ut
343 1903 494 1988 venerim,
516 1904 614 1989 nosti,
637 1904 693 1988 qui
712 1903 811 1968 etiam
829 1903 910 1967 mihi
929 1903 1112 1988 gratulatus

95 2013 129 2055 es
152 1991 243 2054 illius
267 1989 330 2054 diei
354 1991 587 2078 celebritatem,
615 2013 678 2075 qua
700 1991 784 2056 nihil
811 2013 862 2056 me
884 1997 1039 2075 umquam
1062 1992 1113 2055 de-

94 2079 229 2143 lectavit
246 2079 360 2164 magis.
392 2078 471 2143 Inde
488 2081 524 2144 ia
543 2080 669 2163 oppidis
687 2080 737 2163 iis,
765 2101 827 2164 qua
845 2083 905 2144 iter
923 2083 1001 2166 erat,
1019 2081 1113 2144 mira-

94 2167 208 2231 biliter
231 2168 354 2250 accepti
375 2165 566 2231 Laodiceam
588 2168 691 2251 pridie
708 2167 780 2232 Kal.
800 2166 938 2232 Sextiles
956 2169 1112 2233 venimus.

58 2255 147 2319 albi
177 2255 296 2319 morati
323 2255 459 2320 biduum
488 2255 689 2339 perillustres
715 2257 837 2320 fuimus
861 2256 1113 2339 honorificisque

94 2343 205 2407 verbis
223 2364 335 2407 omnes
353 2343 488 2407 iniurias
506 2343 691 2408 revellimus
711 2345 901 2429 superiores,
924 2345 1011 2429 quod
1028 2345 1114 2408 idem

99 2431 241 2510 Cobssia
265 2431 339 2496 dein
356 2430 518 2515 Apameae
542 2432 683 2516 quinque
706 2432 774 2496 dies
796 2433 916 2497 morati
938 2436 970 2496 et
990 2430 1114 2516 Synna-

96 2520 146 2584 dis
170 2519 325 2603 triduum,
346 2517 519 2584 Philomeli
539 2520 681 2604 quinque
703 2520 781 2606 dies,
802 2518 892 2584 Iconi
911 2519 1018 2585 decem
1040 2521 1114 2584 feei-

96 2630 178 2672 mus.
225 2605 319 2671 Nihil
341 2630 377 2672 ea
399 2607 638 2672 iurisdictione
662 2608 873 2695 aequabilius,
894 2608 978 2673 nihil
1000 2609 1114 2694 lenius,

59 2719 83 2760 as
96 2696 181 2759 nihil
205 2696 344 2779 gravius.
389 2694 467 2760 Inde
493 2696 528 2759 in
550 2699 655 2761 castra
677 2697 752 2760 veni
775 2720 800 2762 a.
825 2697 853 2761 d.
877 2714 927 2761 v11
949 2696 1112 2762 Kalendas
1132 2715 1150 2761 a

99 2781 314 2866 Septembres.
347 2782 385 2848 A.
400 2784 428 2848 d.
443 2801 483 2847 111
501 2785 677 2849 exercitum
699 2785 837 2849 lustravi
856 2784 941 2868 apud
958 2782 1113 2848 Iconium.

97 2872 151 2935 Ex
172 2871 225 2934 his
249 2872 373 2955 castris,
396 2893 468 2935 cum
491 2893 605 2956 graves
629 2873 666 2936 de
684 2871 814 2938 Parthis
832 2873 940 2936 nuntii
958 2873 1115 2958 venirent,

97 2959 226 3042 perrexi
248 2959 283 3023 in
302 2957 448 3024 Ciliciam
466 2982 524 3043 per
543 2958 762 3044 Cappadociae
780 2965 906 3045 partem
929 2982 1008 3044 eam,
1033 2983 1115 3044 quae

99 3046 246 3111 Ciliciam
269 3048 412 3133 attingit,
435 3070 473 3112 eo
497 3049 641 3133 consilio,
664 3052 701 3112 ut
723 3049 896 3114 Armenius
920 3047 1115 3113 Artavasdes

60 3161 84 3200 u
98 3139 132 3199 et
154 3135 218 3218 ipsi
239 3134 354 3199 Parthi
377 3133 579 3220 Cappadocia
609 3159 643 3201 se
673 3138 799 3202 excludi
826 3140 986 3221 putarent.
1032 3135 1114 3200 Cum

98 3223 166 3287 dies
191 3224 332 3307 quinque
356 3223 395 3287 ad
414 3222 566 3307 Cybistra
590 3224 838 3309 [Cappadociae]
863 3228 967 3290 castra
984 3224 1115 3289 habuis·

97 3333 175 3394 sem,
198 3311 316 3376 certior
340 3333 412 3376 sum
434 3314 539 3377 factus
562 3312 700 3377 Parthos
729 3314 769 3377 ab
793 3314 850 3378 illo
880 3313 969 3377 aditu
993 3311 1115 3395 Cappa-

96 3399 207 3464 dociae
230 3399 326 3485 longe
350 3400 475 3485 abesse,
499 3397 629 3465 Ciliciae
652 3402 757 3486 magis
779 3401 954 3465 imminere.
1000 3399 1114 3482 Itaque

97 3488 270 3551 confestim
292 3489 355 3553 iter
377 3489 413 3553 in
436 3486 584 3554 Ciliciam
607 3490 669 3553 feci
691 3511 748 3573 per
772 3488 870 3554 Tauri
892 3487 993 3570 pylas.
1040 3487 1151 3548 Tar-3
