2560 3880
219 162 477 218 EPISTULARUM
495 163 546 217 AD
564 163 728 219 ATTIGUM
746 165 811 220 XVI
830 168 973 221 15-16A.
1038 166 1105 230 515

553 359 640 426 XVI.

87 476 147 536 Sa.
163 477 196 534 in
216 479 376 534 Tusculano
394 479 468 536 inter
485 498 512 535 a.
526 481 552 536 d.
569 479 596 535 V
611 487 637 536 et
651 481 725 550 prid.
736 481 810 536 Noa.
824 479 917 551 Quod.
928 498 954 536 o.
966 485 1021 538 710
1036 483 1105 551 (44).

322 601 451 656 CICERO
471 603 540 658 SUO
560 602 634 657 SAL.
649 602 716 659 1310.
732 601 875 658 ΔῚἾῚΟΟ.

155 706 407 774 Iucundissimas
430 713 504 774 tuas
526 709 592 795 legi
614 709 750 776 litteras.
787 709 840 775 Ad
856 709 1011 776 Plancum
1030 712 1139 776 seri-1

59 796 156 882 apsi,
187 797 271 861 misi.
317 797 427 864 Habes
461 799 651 899 exemplum.
697 796 779 864 Cum
808 798 925 863 Tirone
954 800 1032 883 quid
1062 801 1105 864 sit

87 885 516 1060 ttttdttttt
526 883 882 1040 dii⁰aa⁰x¹t¹ts⁵⁰r⁰³⁹
905 908 981 973 agi
1004 891 1094 953 Μ
1124 904 1140 951 ²

577 1183 618 1250 A

330 1304 386 1360 Ser.
401 1306 433 1359 im
453 1305 610 1362 Tusculano
628 1306 719 1362 eodem
736 1313 860 1376 ternpore.

45 1441 73 1480 10
218 1427 256 1481 Μ.
272 1426 400 1484 CICERO
419 1427 450 1483 L.
464 1427 608 1483 PLANCO
627 1427 978 1486 Pactumeium.

154 1533 259 1600 Attici
280 1536 386 1600 nostri
408 1538 441 1600 te
464 1536 555 1601 valde
578 1537 759 1601 studiosum
784 1558 854 1602 esse
872 1538 1019 1622 cognovi,
1041 1538 1138 1603 meis

89 1644 165 1690 vero
193 1623 240 1687 ita
268 1623 432 1710 cupidum,
459 1628 497 1688 ut
524 1624 704 1689 mehercule
733 1645 851 1708 paucos
875 1646 974 1708 aeque
997 1625 1104 1690 obser-

90 1715 203 1778 vantes
230 1714 328 1795 atque
355 1715 500 1776 amantes
522 1734 575 1776 me
596 1712 715 1776 habere
737 1713 928 1777 existimem.
974 1712 1027 1777 Ad
1049 1736 1104 1796 pa·

89 1804 199 1864 ternas
223 1799 308 1864 enim
333 1820 467 1885 magnas
486 1803 518 1864 et
536 1803 660 1864 veteres
679 1805 712 1864 et
729 1801 832 1865 iustas
851 1801 1103 1866 necessitudines

47 1913 74 1954 15
89 1909 242 1973 magnam
277 1887 389 1952 attuit
425 1888 639 1953 accessionem
671 1892 729 1952 tua
761 1889 911 1952 voluntas
943 1909 1021 1974 erga
1052 1910 1103 1954 me

89 1997 225 2058 meaque
248 1995 323 2060 erga
345 1979 378 2040 te
402 1997 461 2059 par
484 1979 581 2060 atque
603 1979 723 2040 mutua.

155 2063 331 2128 Buthrotia
361 2062 424 2128 tibi
455 2085 551 2128 causa
582 2064 695 2148 ignota
726 2085 793 2128 non
820 2067 879 2129 est.
923 2063 989 2149 Egi
1016 2065 1138 2130 enimc

89 2172 184 2235 saepe
207 2151 245 2215 de
268 2173 304 2215 ea
326 2173 361 2215 re
384 2155 491 2216 tecum
513 2151 639 2235 tibique
661 2155 765 2216 totam
783 2173 851 2215 rem
870 2152 1102 2238 demonstravi3

89 2261 172 2323 quae
208 2243 258 2304 est
289 2243 361 2302 acta
390 2239 453 2304 hoc
483 2240 589 2305 modo.
642 2238 690 2304 Ut
721 2240 861 2323 primum
893 2239 1103 2306 Buthrotium

46 2355 74 2394 20
89 2348 204 2412 agrum
232 2327 449 2411 proscriptum
475 2329 627 2413 vidimus,
654 2332 836 2392 commotus
859 2325 989 2392 Atticus
1011 2328 1103 2394 libel·

88 2417 157 2480 lum
184 2416 374 2499 composuit.
419 2415 505 2480 Eum
531 2416 612 2480 mihi
641 2416 742 2502 dedit,
768 2419 806 2480 ut
828 2415 937 2481 darem
961 2414 1103 2502 Gaesari3

89 2525 177 2568 eram
205 2504 290 2568 enim
318 2507 488 2568 cenaturus
511 2504 596 2587 apud
618 2526 691 2568 eum
714 2503 772 2569 illo
795 2504 854 2568 die.
899 2503 986 2568 Eum
1008 2505 1102 2569 libel-

88 2593 159 2656 lum
183 2590 311 2656 Caesari
335 2591 416 2656 dedi.
461 2591 618 2656 Probavit
640 2614 779 2676 causam,
801 2593 967 2676 rescripsit
990 2591 1102 2658 Attico

89 2701 193 2763 aequa
220 2701 293 2744 eum
319 2679 499 2765 postulare,
526 2679 691 2744 admonuit
718 2684 840 2765 tamen,
870 2685 908 2744 ut
934 2682 1103 2763 pecuniam

47 2794 74 2835 as
89 2768 248 2856 ¹reliquam
266 2767 433 2832 Buthrotii
451 2768 492 2832 ad
509 2767 594 2832 diem
613 2768 783 2834 solverent.
823 2767 965 2854 Atticus,
987 2770 1044 2853 qui
1061 2770 1102 2834 ci·
1122 2787 1137 2834 5

89 2855 225 2921 vitatem
252 2859 471 2920 conservatam
501 2859 645 2942 cuperet,
671 2856 838 2939 pecuniam
859 2858 1042 2921 numeravit
1065 2857 1103 2921 de

90 2965 158 3009 suo.
205 2943 298 3020 Quod
325 2965 397 3008 cum
425 2947 508 3008 esset
535 2945 669 3028 factum,
697 2943 832 3008 adiimns
863 2944 902 3009 ad
925 2941 1103 3028 Gaesarem,

89 3032 189 3097 verba
210 3032 343 3095 fecimus
366 3054 425 3115 pro
444 3031 637 3116 Buthrotiis,
658 3031 922 3096 liberalissimum
940 3031 1102 3096 decretum

90 3119 303 3204 abstulimus3
326 3120 413 3203 quod
436 3123 485 3184 est
504 3119 710 3204 obsignatum
730 3121 769 3185 ab
788 3119 995 3202 amplissimis
1013 3119 1101 3184 viris.

48 3237 75 3277 eo
91 3208 180 3285 Quae
206 3229 280 3272 cum
310 3211 417 3271 essent
444 3211 527 3292 acta,
555 3208 665 3271 mirari
694 3208 839 3292 equidem
869 3207 1010 3271 solebam
1033 3207 1102 3289 pati

90 3295 260 3362 Caesarem
289 3296 459 3361 convenire
485 3317 555 3382 eos,
583 3297 639 3380 qui
662 3316 776 3381 agrum
798 3294 1007 3358 Buthrotium
1031 3315 1102 3358 con·

90 3385 273 3470 cupissent,
299 3405 403 3468 neque
426 3382 532 3449 solum
554 3385 638 3469 pati,
666 3383 841 3448 sedetiam
864 3383 893 3445 ei
915 3383 1046 3468 negotio
1069 3386 1103 3446 te

89 3473 270 3556 praeficere.
315 3470 429 3556 Itaque
461 3475 494 3536 et
526 3493 585 3557 ego
618 3494 690 3536 oum
720 3470 776 3535 illo
809 3470 937 3534 locutus
971 3493 1043 3535 sum
1070 3473 1102 3534 et

889 3572 943 3626 33⁸
