2578 3886
152 174 219 238 310
476 173 513 227 Μ.
529 173 637 227 TULLI
656 171 847 228 CICERONIS

152 338 234 402 carc,
257 316 374 403 cogita,
395 338 436 380 ne
459 321 493 380 11
516 320 655 400 tuosque
675 318 780 382 omnis
807 317 954 381 funditus
974 321 1111 401 evertas,
1135 339 1185 380 ne

151 409 184 468 te
213 405 316 469 sciens
344 405 549 489 prudensque
573 427 610 469 eo
635 405 800 490 demittas,
828 405 912 469 unde
936 405 1061 468 exitum
1083 406 1183 469 rides

151 493 278 557 nullum
301 515 379 558 esse.
417 492 539 569 Quodsi
562 497 595 556 11
619 497 675 556 111
694 516 788 557 voces
809 493 1016 578 optimatium
1036 516 1185 558 commo-

151 585 242 666 vent,
269 586 325 645 aut
352 603 419 645 non
445 582 611 645 nullorum
633 582 802 645 hominurn
824 582 1034 646 insolentiam
1057 586 1089 646 et
1112 583 1184 646 iac-

150 670 307 734 tationem
331 670 414 733 ferre
435 691 503 732 non
526 673 634 755 potes,
662 670 762 754 eligas
786 692 899 734 censeo
925 670 1058 754 aliquod
1083 671 1212 754 oppi-s

152 758 229 821 dum
249 779 387 822 vacuum
406 780 424 820 a
442 757 539 841 bello,
562 757 639 820 dum
656 758 735 822 haec
754 759 983 842 decernuntu13
1007 780 1089 841 quae
1106 759 1183 822 iam

152 850 247 911 erunt
270 846 422 910 confecta.
468 844 507 909 Id
534 845 562 908 si
589 845 713 931 feceris,
741 850 774 909 et
801 868 862 931 ego
886 850 919 909 te
943 847 1106 930 sapienter
1132 848 1182 911 fe

151 934 233 998 cisse
255 933 413 1017 iudicabo,
436 936 468 996 11
492 931 662 997 Caesarem
683 956 751 998 non
774 934 923 998 offendes.

641 1111 680 1174 X.

321 1230 426 1285 81111
445 1232 569 1286 Cumano
593 1233 619 1286 V
634 1232 840 1286 Ν11.Μ11.α.
858 1235 913 1286 705
934 1235 1004 1299 (49).

473 1353 601 1409 CICERO
621 1353 753 1408 ATTICO
773 1353 848 1408 SAL.

116 1479 130 1526 1
218 1461 271 1526 Mc
300 1484 441 1548 caecum,
472 1464 527 1546 qui
555 1463 634 1527 haec
658 1466 732 1526 ante
754 1484 822 1526 non
844 1462 993 1526 viderim!
1031 1461 1109 1526 Misi
1133 1463 1179 1527 111

150 1556 183 1615 11
208 1552 379 1634 epistulam
403 1551 535 1615 Antoni.
572 1551 615 1614 Ei
638 1572 711 1614 cum
735 1571 795 1635 ego
819 1550 1007 1633 saepissime
1027 1550 1178 1634 scripsis-

151 1662 219 1703 sem
241 1639 325 1704 nihil
348 1661 398 1704 me
421 1644 534 1703 contra
557 1637 704 1703 Caesaris
722 1639 866 1703 rationes
885 1639 1038 1723 cogitare,
1061 1641 1178 1703 memi-
1280 1631 1281 1674 ³

149 1729 238 1791 nisse
260 1750 311 1792 me
335 1729 445 1812 generi
467 1728 541 1811 mei,
562 1727 747 1790 meminisse
771 1727 940 1811 amicitiae,
962 1726 1118 1810 potuisse,
1144 1729 1178 1792 si
1193 1756 1218 1797 15

151 1816 245 1879 aliter
273 1817 438 1899 sentirem,
466 1837 536 1879 esse
563 1837 636 1879 cum
663 1814 831 1899 Pompeio,
863 1835 915 1878 me
944 1818 1068 1899 autem,
1095 1815 1178 1898 quia

150 1926 223 1970 oum
251 1904 421 1968 1111111111
449 1903 572 1967 invitus
601 1925 776 1988 cursarem,
804 1903 916 1967 abesse
945 1902 1028 1966 velle
1055 1925 1115 1967 nec
1138 1904 1175 1967 id

150 1992 257 2076 ipsum
281 1996 404 2056 certum
428 1993 526 2055 etiam
549 2013 635 2055 nunc
658 1991 786 2077 habere,
807 1991 890 2076 vide,
915 2013 1013 2074 quam
1033 1991 1175 2056 adhaec

150 2091 370 2164 τυραννικῶςε

115 2184 130 2232 2
219 2167 352 2230 ‘Tuum
386 2168 601 2231 consilium
634 2190 744 2251 quam
777 2190 909 2231 verum
942 2170 1008 2230 est.
1060 2165 1215 2255 Nam,ro
1281 2209 1282 2234 1

151 2256 215 2339 qui
257 2277 294 2319 se
335 2255 497 2319 medium
535 2277 616 2319 esse
649 2257 748 2339 vult,
786 2256 825 2319 in
860 2256 993 2339 patria
1029 2260 1172 2342 manet,

151 2344 216 2427 qui
239 2343 528 2428 proficiscitur,
556 2344 705 2427 aliquid
728 2345 773 2407 de
797 2344 924 2408 altera
947 2347 1034 2407 utra
1057 2349 1172 2427 parte

149 2431 322 2495 iudicare
344 2431 511 2496 videtur.
546 2431 616 2496 Sed
640 2453 708 2516 ego
732 2432 767 2496 is
790 2454 866 2496 non
889 2454 983 2515 sum,
1008 2433 1073 2515 qui
1093 2437 1172 2496 sta·
1281 2459 1282 2468 ¹

150 2524 258 2583 tuere
291 2519 458 2603 debeam,
490 2521 573 2583 iure
603 2521 689 2604 quis
719 2521 1003 2602 proficiscatur
1032 2541 1171 2607 necne,

151 2611 282 2691 partes
317 2607 412 2671 mihi
449 2605 592 2671 Caesar
629 2609 696 2672 has
733 2608 939 2692 imposuit,
975 2630 1021 2671 ne
1059 2630 1212 2692 quernas

152 2695 304 2759 omnino
343 2695 539 2759 discedere
576 2718 622 2760 ex
660 2695 782 2760 ltalia
818 2700 982 2779 paterer.
1037 2696 1171 2772 Quare

151 2783 262 2866 parvi
299 2784 423 2847 refert
454 2806 509 2847 me
542 2785 705 2866 probare
737 2785 1020 2868 cogitationem
1049 2789 1171 2872 tuam,

152 2872 187 2934 si
209 2870 310 2934 nihil
332 2875 460 2934 tamen
483 2872 558 2935 tibi
579 2874 779 2936 remittere
802 2894 966 2955 possum.
1003 2871 1060 2936 Ad
1080 2873 1170 2939 Cae-

152 2980 276 3022 sarem
303 2959 440 3022 mittas
469 2981 606 3024 censeo
631 2965 667 3024 et
690 2960 734 3024 ab
759 2982 800 3024 eo
824 2960 895 3024 hoc
913 2964 1036 3044 petas.
1083 2961 1170 3027 Non

151 3046 304 3130 dubit0,
333 3049 424 3130 quin
456 3048 743 3131 impetraturus
777 3049 844 3131 sis,
881 3071 962 3112 cum
995 3071 1211 3132 praescr-ao

151 3135 221 3198 tim
251 3137 288 3198 te
319 3136 511 3199 amicitiae
538 3140 695 3200 nostrae
726 3137 917 3201 rationem
940 3135 1170 3203 habiturum

152 3244 235 3287 esse
263 3223 510 3306 pollicearis?

115 3327 131 3375 3
219 3310 329 3374 Habes
349 3313 515 3394 σκυτάλην
535 3313 741 3394 Λακωνικήν.
775 3310 914 3378 Omnino
935 3314 1091 3397 excipiam
1109 3315 1169 3380 ho-

151 3400 279 3465 minem.
317 3399 399 3463 Erat
422 3404 530 3463 autem
553 3417 576 3462 v
600 3398 712 3463 Nonas
735 3405 892 3464 venturus
910 3402 1046 3488 resperI,
1068 3402 1102 3466 id
1121 3408 1169 3468 est

150 3486 254 3552 hodie.
293 3485 372 3552 Cras
395 3489 497 3573 igitur
522 3487 635 3552 adme
658 3488 796 3553 fortasse
819 3490 935 3554 veniet.
980 3490 1170 3579 Temptabo,
1184 3518 1211 3560 11
