2616 3884
168 141 236 207 252
487 142 526 197 l
545 141 654 196 rum
671 141 860 196 CICERONIS

169 307 281 351 essem.
325 283 412 351 Num
434 307 510 350 cave
531 290 627 369 putes
647 285 710 349 hoc
732 290 878 368 tempore
900 284 975 368 plus
997 306 1050 348 me
1072 306 1185 368 quem-

169 396 267 458 quam
288 374 434 459 mciari,
455 373 543 456 quod
563 395 648 458 eum,
669 395 765 456 quem
787 378 864 436 ante
884 395 937 436 me
954 373 1066 458 diligo,
1086 372 1186 436 rideo

168 463 205 526 iu
217 461 388 527 consulatu
401 461 529 544 quidvis
541 462 651 544 potius
665 483 735 524 esse
749 484 847 544 qusm
860 461 1031 525 comula.
1058 459 1183 535 Quodsi

168 549 310 616 voluerit
322 551 385 614 tibi
398 550 620 632 obtemperare
632 553 665 612 et
682 549 779 612 uobis
797 549 837 612 de
851 548 986 612 Caesare
1003 549 1131 613 eredere
1149 553 1184 612 et

169 639 374 704 consulatum
386 637 548 720 reliquum
560 635 684 700 Romae
700 659 864 722 peragere,
880 638 1034 720 incipiam
1051 657 1183 720 sperare
1212 661 1225 702 s
1296 695 1297 714 ,

170 727 268 791 etiam
289 725 426 790 consilio
448 730 581 789 efflatus
608 729 739 789 auctore
764 730 813 810 te,
840 725 900 789 ilIo
926 726 1067 789 relatore
1087 724 1185 788 Pom-

169 815 279 898 peium
300 819 334 878 et
361 812 529 878 Caesarem
558 813 711 897 coniungi
735 835 841 896 posse.
885 812 978 888 onoc
1005 814 1034 876 si
1059 813 1185 876 fectum

170 903 243 987 crit,
263 923 315 965 mc
337 901 418 965 satis
439 901 559 964 vixisse
580 902 711 984 putabo.

133 1005 151 1054 s
236 987 371 1053 Factum
393 987 540 1053 Caesaris
562 989 601 1052 de
620 987 764 1053 Corfinio
785 993 893 1052 totum
914 993 949 1052 te
969 989 1184 1072 probaturum

171 1079 247 1143 scio.
291 1075 362 1152 Quo
390 1077 488 1141 modo
517 1078 553 1140 in
579 1078 649 1140 eius
675 1077 764 1140 modi
792 1099 829 1140 re
850 1077 1048 1141 commodius
1070 1077 1185 1141 cedere
1199 1103 1227 1143 ιο

169 1187 237 1230 non
258 1165 376 1249 potuit,
399 1186 495 1248 quam
517 1169 556 1228 ut
578 1187 630 1229 res
654 1165 724 1228 sine
746 1165 903 1249 sauguine
924 1166 1086 1229 confieret.

237 1250 332 1317 Balbi
354 1253 418 1316 mei
441 1253 555 1336 tuique
577 1253 717 1316 adventu
735 1253 928 1317 delectatum
945 1257 978 1316 te
995 1253 1090 1317 valde
1107 1274 1185 1338 guu-

170 1339 238 1405 deo.
284 1337 318 1405 Is
347 1362 564 1425 quaecumque
593 1341 656 1404 tibi
685 1341 725 1404 de
749 1339 884 1405 anssre
912 1341 1008 1426 dixit,
1037 1363 1185 1424 quaeque

172 1427 289 1493 Caesar
319 1429 465 1512 scripsit,
496 1430 578 1513 scio,
612 1451 648 1492 re
677 1429 740 1492 tibi
768 1429 935 1515 probabit,
964 1451 1185 1514 quaecumque

170 1515 302 1582 fortuna
324 1517 394 1581 eius
415 1517 524 1604 fuerit,
545 1518 724 1582 verissume
746 1518 922 1600 scripsisse.
1200 1542 1228 1583 ιι

633 1691 720 1756 XVI.

340 1813 399 1870 Sor.
417 1810 542 1866 Formiis
559 1813 609 1866 IV
624 1813 699 1866 Non.
718 1813 806 1868 Mart.
825 1830 853 1867 u.
872 1817 928 1868 705
946 1817 1015 1882 (49).

534 1933 661 1990 CICERO
680 1935 822 1990 ATTICO.

137 2061 152 2110 ι
239 2041 356 2108 Omnia
381 2043 462 2106 mihi
490 2043 619 2126 provisa
642 2047 719 2107 sunt
745 2047 873 2126 praeter
895 2044 1055 2108 occultum
1077 2047 1110 2108 et
1133 2047 1185 2108 tu·

172 2137 243 2196 tum
265 2132 328 2195 iter
350 2132 391 2196 sd
413 2153 500 2196 mure
524 2153 684 2214 superum.
729 2130 801 2195 Hoc
823 2132 909 2195 euim
935 2132 1017 2196 mari
1044 2132 1095 2195 uti
1115 2153 1184 2197 non
1199 2159 1226 2199 ιο

171 2239 342 2303 possumus
363 2217 426 2283 hoc
452 2222 598 2302 tempore
624 2219 708 2282 anni.
753 2217 834 2282 flIuc
861 2223 981 2305 autem,
1008 2239 1073 2302 quo
1097 2241 1185 2302 spec·
1296 2295 1297 2306 2

171 2311 222 2372 tut
244 2307 379 2389 animus,
402 2311 435 2371 ct
458 2328 522 2390 quo
545 2328 596 2370 res
616 2311 720 2392 vocat,
743 2329 807 2390 qua
823 2308 972 2371 veniam?
1000 2305 1185 2392 Cedendum
1296 2323 1297 2354 ι

172 2395 258 2460 enim
287 2397 335 2459 est
365 2394 524 2480 celeriter,
556 2416 598 2458 ne
628 2395 712 2458 forte
743 2416 807 2478 qus
835 2417 870 2459 rc
901 2395 1056 2479 impediar
1085 2398 1184 2479 etque

172 2483 294 2567 alligor
339 2481 408 2547 Nec
437 2503 513 2547 vero
542 2482 597 2546 ille
626 2503 677 2546 me
707 2483 808 2568 ducit,
838 2483 894 2566 qui
915 2483 1054 2585 videtum
1087 2505 1184 2566 quem

172 2591 232 2655 ego
261 2569 425 2634 hominem
453 2570 734 2636 ἀπολιτικώτατον
764 2571 908 2634 omnium
936 2572 1002 2634 ism
1031 2574 1105 2634 ente
1132 2591 1183 2636 co·
1198 2598 1226 2639 ιι

173 2677 318 2809 gnorcm,
339 2679 424 2722 nunc
446 2679 521 2722 voro
546 2658 643 2722 etiam
661 2658 997 2744 ἀστρατηγικώτατον.
1034 2657 1110 2723 Non
1133 2681 1184 2723 me

172 2745 274 2830 igitur
303 2709 332 2809 is
362 2745 465 2830 ducit,
495 2746 550 2810 sed
580 2767 685 2811 senno
713 2746 897 2831 hominum,
927 2747 984 2830 qui
1014 2747 1053 2810 sd
1081 2769 1133 2810 mc
1162 2769 1184 2812 a

171 2831 293 2898 Philot‘
269 2837 350 2897 t1mo
374 2797 533 2898 scribitur.
579 2832 612 2898 Is
642 2833 727 2898 enim
753 2855 805 2899 me
832 2834 872 2898 ub
904 2834 1113 2935 optimatibus
1137 2835 1184 2899 uit

173 2919 343 2986 conscindi.
380 2919 503 2996 Quibus
523 2921 744 3007 optimatibus,
767 2923 800 2986 di
821 2922 912 2986 boni!
936 2923 993 3005 qui
1014 2944 1099 2987 nunc
1118 2944 1182 3006 quo

172 3007 268 3073 modo
297 3012 480 3092 occurrunt,
508 3029 572 3092 quo
599 3010 694 3074 modo
723 3014 830 3074 autem
858 3031 891 3074 sc
917 3009 1026 3074 vendit
1012 3014 1084 3074 tent
1108 3009 1182 3076 Cae·
1196 3037 1229 3078 so

174 3095 251 3161 surii
297 3095 473 3181 Municipic
495 3118 571 3161 vero
595 3097 702 3184 deum3
723 3119 782 3162 nec
805 3097 968 3182 simulant,
990 3101 1027 3162 ut
1049 3119 1122 3162 oum
1145 3099 1184 3163 de
1296 3093 1297 3150 i

137 3183 230 3249 tillo
255 3188 387 3269 aegroto
410 3187 487 3249 vota
453 3184 675 3249 tfaciebunt
694 3149 784 3250 Sed
807 3185 910 3271 plene,
933 3149 1084 3270 qiricquid
1105 3187 1183 3250 muli

172 3271 226 3337 hic
248 3271 437 3336 Pisistratus
459 3293 527 3336 non
549 3273 673 3356 fecerit,
695 3277 764 3336 tam
786 3275 1022 3357 gratummerit,
1036 3296 1133 3359 quam
1155 3276 1183 3338 si

173 3359 273 3424 elium
306 3359 409 3425 fucere
447 3359 656 3444 prohibuerit.
708 3359 832 3444 Propit
824 3383 891 3424 rum
923 3363 1005 3426 burto
1043 3365 1183 3445 sperent,
1296 3363 1297 3414 t

173 3445 266 3512 illum
301 3448 420 3512 iratum
457 3451 581 3531 putant.
627 3446 712 3522 Quas
746 3448 816 3512 fieri
848 3470 957 3513 censes
986 3448 1223 3532 ἀπαντήσειςιι
1296 3473 1297 3542 ι
