2586 3886
184 133 248 196 176
502 130 540 185 Μ.
560 130 668 184 TULLI
686 128 876 184 CICERONIS

182 275 313 362 vellem,
339 275 468 360 rogavit
496 277 528 340 et
555 274 619 338 fuit
642 277 751 356 aperte
774 272 855 337 mihi
877 273 987 337 neseio
1011 295 1110 357 quare
1133 295 1203 338 non

182 364 313 428 amicus.
359 362 455 427 Hunc
482 383 542 447 ego
571 361 599 426 si
621 362 657 425 in
679 361 850 444 praefectis
873 361 1072 446 habuissem,
1103 384 1202 446 quem

182 456 220 516 tu
242 474 294 516 me
316 449 480 516 hominem
502 449 658 534 putares?
704 448 776 534 Qui,
798 454 836 513 ut
858 450 935 533 sois,
957 450 1202 533 potentissimo.-

182 563 256 604 rum
277 538 446 604 hominum
466 539 702 604 contumaciam
719 559 896 622 numquam
917 538 1057 622 tulerim,
1080 538 1201 603 ferrem

182 628 280 693 huius
299 627 486 692 adseculae?
510 627 571 691 etsi
588 626 651 691 hoc
668 625 742 709 plus
762 630 812 690 est
831 647 928 710 quam
940 626 1033 711 ferre,
1055 626 1201 690 tribuere
1237 653 1255 693 ⁵

183 716 281 781 etiam
313 715 437 799 aliquid
464 714 612 780 beneficii
641 718 673 778 et
699 713 841 778 honoris.
885 711 919 778 Is
942 715 1044 799 igitur
1068 713 1202 800 (levina,

184 826 258 869 cum
274 803 438 888 Apameae
460 825 511 867 me
533 825 636 886 nuper
658 802 794 867 vidisset
816 801 956 868 Romam
981 803 1203 889 proficiscens,

152 957 154 963 Α
183 914 235 957 me
257 892 304 956 111
328 891 516 976 appellarit,
538 897 574 955 11
596 889 778 956 Culleolum
800 890 855 954 vix
878 891 1039 956 auderem:
1064 889 1202 975 ‘Unde’,

184 980 301 1065 inquit,
325 980 386 1044 ‘me
409 979 500 1044 iubes
523 982 632 1062 petere
656 979 777 1044 cibaria
798 978 987 1063 praefecti?
1032 979 1202 1064 Respondi

184 1069 297 1151 lenius,
321 1089 417 1151 quam
436 1067 595 1151 putabant
614 1067 804 1151 oportuisse,
825 1067 880 1150 qui
899 1068 1041 1151 aderant,
1062 1090 1114 1131 me
1131 1089 1252 1134 1111111

183 1156 364 1221 instituisse
386 1157 427 1220 iis
451 1155 526 1221 dare
550 1155 683 1239 cibaria,
713 1176 850 1238 quorum
880 1177 977 1238 opera
1004 1177 1072 1220 non
1094 1177 1202 1220 essem

148 1263 270 1316 rusus.
299 1243 392 1308 Abiit
415 1244 526 1308 iratus.
576 1243 683 1309 Huius
704 1243 878 1307 nebulonis
902 1243 1049 1308 oratione
1073 1244 1101 1308 si
1118 1243 1201 1308 Bru-

184 1336 239 1398 tus
261 1332 385 1396 moveri
408 1336 531 1417 potest,
553 1331 664 1397 licebit
687 1353 760 1395 eum
784 1331 872 1395 solus
896 1353 995 1416 ames,
1018 1353 1070 1396 me
1093 1354 1201 1396 aemu-

183 1419 252 1484 lum
274 1441 341 1485 non
362 1420 506 1486 habebis.
553 1418 615 1485 Sed
637 1420 728 1484 illum
753 1441 826 1483 eum
846 1420 992 1484 futurum
1015 1441 1085 1485 esse
1107 1424 1200 1505 puto,

185 1510 242 1593 qui
265 1530 334 1573 esse
358 1509 460 1573 debet.
506 1507 581 1573 Tibi
604 1513 713 1573 tamen
730 1529 859 1572 oausam
881 1512 994 1572 notam
1017 1530 1086 1572 esse
1108 1509 1201 1573 volui
1216 1535 1247 1575 15

184 1601 218 1661 et
241 1598 281 1661 ad
310 1598 417 1681 ipsum
445 1597 524 1663 haec
552 1597 725 1680 perscripsi
754 1596 1010 1680 diligentissime.
1057 1594 1199 1660 Omnino

184 1683 267 1771 (soli
286 1686 372 1751 enim
391 1682 521 1771 sumus)
544 1686 650 1749 nullas
669 1706 822 1767 umquam
840 1685 881 1748 ad
897 1707 948 1748 me
964 1685 1091 1750 litteras
1106 1684 1201 1748 misit

184 1773 320 1859 Brutus,
343 1796 384 1838 ne
407 1774 551 1857 proxime
574 1774 703 1857 quidem
725 1773 764 1836 de
780 1771 903 1856 Appi0,
933 1774 968 1837 in
991 1773 1108 1855 quibus
1130 1793 1201 1837 11111

184 1863 305 1927 inesset
336 1863 509 1946 adrogans,
530 1863 769 1945 ἀκοινονόητον
798 1860 928 1943 aliquid.
983 1859 1057 1924 Tibi
1089 1864 1201 1925 autem

183 1952 276 2015 valde
299 1951 382 2015 solet
405 1950 441 2015 in
464 1971 518 2014 111
541 1969 622 2014 esse:
1215 1976 1247 2014 ao

815 2051 1001 2118 ‘Granius
1026 2057 1154 2119 autem

184 2141 269 2207 Non
300 2147 542 2207 contemnere
569 2163 608 2206 11
636 2144 673 2205 11
702 2161 813 2226 reges
837 2142 965 2206 odisse
989 2141 1200 2226 superbos?

184 2299 225 2366 In
247 2323 310 2384 quo
334 2304 442 2365 tamen
464 2300 520 2364 ille
537 2299 618 2364 mihi
636 2299 739 2362 risum
756 2300 861 2384 magis
880 2322 978 2384 quam
996 2299 1200 2364 stomachum

185 2411 314 2453 movere
337 2389 428 2452 11111.
475 2387 538 2453 Sed
560 2388 654 2472 plane
677 2410 792 2471 parum
815 2389 952 2473 cogitat,
976 2389 1054 2472 quid
1077 2389 1200 2453 scribat

187 2481 243 2540 aut
267 2477 307 2540 ad
329 2498 432 2559 quem.
1214 2503 1243 2543 11

149 2580 167 2628 8
253 2563 288 2640 Q.
309 2562 419 2628 Cicero
439 2586 518 2648 puer
536 2564 626 2649 legit,
649 2567 686 2628 ut
705 2563 829 2648 opinor,
852 2567 884 2628 et
907 2568 1001 2649 certe,
1025 2564 1199 2647 epistulam

186 2653 376 2735 inscriptam
405 2653 491 2735 patri
521 2674 589 2716 suo.
635 2649 726 2716 Solet
759 2653 845 2716 enim
879 2653 1001 2735 aperire
1032 2652 1129 2735 idque
1161 2653 1199 2716 de

187 2763 259 2806 meo
282 2741 430 2824 consilio,
461 2740 489 2804 si
520 2740 597 2823 quid
624 2740 710 2804 forte
739 2740 796 2823 sit,
827 2739 914 2823 quod
936 2762 1017 2824 opus
1046 2740 1090 2804 sit
1113 2739 1199 2807 sciri.

185 2827 225 2892 In
248 2851 284 2893 11
308 2832 415 2892 autem
438 2828 577 2911 epistula
599 2832 668 2891 erat
696 2828 781 2892 idem
808 2827 889 2891 illud
912 2828 950 2891 de
978 2850 1088 2892 sorore
1112 2829 1199 2912 quod

186 2916 229 2980 ad
257 2938 317 2981 me.
372 2915 507 2980 Mirifice
539 2916 768 2980 conturbatum
798 2915 865 2980 ridi
895 2937 1038 3000 puerum.
1092 2913 1199 2981 Lacri-
1214 2943 1241 2982 11

176 3027 279 3070 mans
306 3026 431 3069 mecum
458 3008 508 3068 est
535 3007 675 3087 questus.
722 3003 805 3080 Quid
835 3004 984 3087 quaeris?
1016 3004 1133 3068 miram
1163 3005 1199 3069 in

147 3127 150 3132 ,
188 3115 225 3157 eo
261 3092 432 3177 pietatem,
474 3093 666 3156 suavitatem
705 3091 1004 3175 humanitatemque
1040 3093 1199 3176 perspexi.

188 3180 257 3256 Quo
280 3181 435 3246 maiorem
460 3201 550 3264 spem
571 3180 674 3244 habeo
697 3180 781 3244 nihil
803 3180 873 3244 fore
896 3180 999 3265 aliter,
1022 3201 1059 3244 aa
1081 3181 1199 3246 deceat.

187 3268 224 3332 Id
246 3272 279 3332 te
302 3269 403 3354 igitur
429 3270 510 3333 scire
533 3269 629 3333 volui.

149 3374 167 3422 e
254 3355 304 3422 Ne
332 3357 413 3422 illud
437 3357 565 3441 quidem
587 3356 851 3440 praetermittam
888 3355 1083 3422 Hortensius
1110 3358 1199 3422 filius
1214 3383 1240 3424 11
1284 3367 1285 3372 ’

187 3447 250 3510 fuit
286 3445 460 3510 Laodiceae
501 3445 734 3530 gladiatoribus
774 3445 936 3530 flagitiose
977 3449 1010 3510 et
1051 3446 1199 3530 turpiter.
