2564 3880
177 123 243 199 398
520 125 550 180 Μ
573 125 681 180 TULLI
700 124 890 182 CICERONIS

651 355 725 422 VII.

353 477 411 533 Ser.
426 479 458 534 ira
479 477 636 533 Tusculano
658 476 687 532 V
700 477 744 531 Ia.
759 477 825 531 Iron.
841 494 866 531 a.
883 479 939 532 709
958 479 1029 546 (45).

484 600 631 664 CICERO
648 599 796 656 ATTICO
814 599 898 657 SAL,

133 724 165 776 (1)
248 708 372 776 Sestius
403 707 488 792 opud
510 729 562 773 me
585 708 649 772 fuit
672 712 705 772 et
728 707 958 792 Theopompus
980 706 1094 791 pridie.
1140 705 1198 771 Ve
1262 717 1263 726 ’

179 798 266 872 nisse
299 820 318 862 a
341 794 476 861 Caesare
505 796 660 860 narrabat
687 795 830 880 littercs3
862 795 925 861 hoc
953 796 1108 880 scribere,
1136 795 1229 860 sibir

180 889 305 952 certum
328 906 396 948 esse
418 883 541 948 Romae
563 905 701 969 manere,
723 905 917 967 causamque
940 905 1011 948 eam
1033 883 1198 969 ascribere,

180 995 264 1058 quae
287 975 357 1038 erat
342 972 415 1036 tin
436 971 578 1056 epistula
599 976 722 1058 nostra,
743 993 785 1036 ne
808 993 843 1036 se
867 971 1000 1036 absente
1017 972 1108 1073 leges
1126 993 1198 1037 suae
1262 1045 1263 1048 Ἴ

180 1062 389 1146 neglegerent
391 1082 439 1146 ur,
462 1060 546 1124 sicut
569 1063 654 1125 esset
675 1061 824 1144 neglecta
847 1060 1049 1144 sumptuaria
1068 1058 1133 1146 (est
1151 1061 1198 1124 eir
1262 1063 1263 1104 ³

182 1155 296 1232 λογον,
319 1149 415 1231 idque
439 1169 526 1213 eram
549 1149 692 1250 suspicet
692 1169 740 1213 us
773 1147 836 1213 Sed
858 1148 933 1212 istis
951 1169 1022 1214 mos
1042 1149 1197 1234 gerendus
1262 1149 1263 1222 i

181 1241 243 1323 est,
269 1237 334 1300 nisi
362 1236 468 1320 placet
491 1236 607 1301 hunc
598 1258 703 1319 ipsam
726 1237 920 1302 sententiam
942 1257 1003 1300 nos
1028 1235 1198 1322 persequi),
1208 1259 1227 1298 ιι

182 1329 216 1388 et
233 1289 408 1394 Lentulum
426 1346 500 1389 cum
513 1324 645 1390 Metella
663 1329 748 1388 certe
766 1325 880 1388 fecisse
898 1324 1082 1390 divortium.
1112 1323 1197 1389 Haec

183 1412 291 1479 omnia
321 1416 360 1477 tu
390 1411 514 1477 melius.
568 1411 739 1478 Rescribes
769 1413 885 1498 igitur,
917 1413 1072 1496 quioquid
1103 1413 1196 1496 voles,
1262 1471 1263 1488 ι

181 1501 258 1572 dum
284 1501 380 1568 modo
408 1501 537 1582 aliquid.
587 1498 657 1565 Iam
682 1501 769 1564 enim
798 1522 865 1566 non
892 1501 1032 1586 reperio,
1063 1501 1140 1584 quid
1165 1464 1196 1565 ce'
1262 1517 1263 1566 ι

181 1589 414 1674 rescripturum
436 1593 564 1675 putem,
591 1589 656 1653 nisi
679 1588 764 1653 forte
788 1589 826 1654 de
849 1588 999 1675 Mustela,
1021 1593 1079 1654 aut
1100 1589 1130 1654 si
1151 1587 1195 1654 si·
1262 1629 1263 1636 ι

180 1677 263 1743 lium
285 1677 412 1742 videris.
1205 1699 1225 1737 ιι

640 1833 738 1901 VIIa.

346 1956 404 2012 Ser.
419 1956 451 2010 iu
472 1954 629 2012 Tusurlaco
647 1956 698 2010 IV
711 1955 756 2010 Id.
770 1956 836 2010 Irm.
851 1973 877 2010 a.
893 1958 950 2011 709
969 1958 1038 2025 (45).

486 2077 632 2134 CICERO
649 2078 796 2140 ATTICO
815 2078 899 2135 SAL.

74 2201 129 2252 <V11
143 2203 164 2255 ι)
249 2187 372 2256 Brutus
395 2186 466 2252 heri
488 2186 579 2252 venit
601 2187 636 2252 in
654 2186 871 2252 Tusculanum
893 2189 970 2270 post
987 2185 1103 2252 horam
1122 2185 1193 2251 deoi-

182 2298 265 2345 nam.
310 2275 417 2341 Hodie
438 2275 542 2360 igitur
563 2295 615 2339 me
637 2275 769 2358 videbit,
794 2296 831 2338 ac
852 2275 969 2339 vellem
992 2278 1065 2339 tum
1087 2280 1125 2339 tu
1146 2273 1221 2339 ad-ro
1262 2353 1263 2364 ,

183 2386 278 2428 esses.
319 2362 405 2428 Iussi
435 2362 583 2448 equidem
605 2362 635 2426 ei
657 2363 802 2428 nuntiari
824 2366 871 2448 te,
899 2362 1007 2446 quoad
1028 2363 1193 2447 potuisses,
1262 2427 1263 2444 2

182 2454 385 2535 exspectasse
413 2450 482 2514 eius
508 2451 684 2514 adventum
710 2454 961 2537 venturumque,
991 2451 1020 2516 si
1047 2452 1193 2536 audisses,
1262 2491 1263 2520 ;

181 2560 307 2626 meque,
328 2541 366 2604 ut
388 2537 482 2622 facio,
508 2539 665 2604 continuo
688 2542 721 2603 te
744 2538 915 2608 certiorem
935 2560 1008 2604 esse
1030 2539 1191 2606 facturum
1262 2599 1263 2636 ,

539 2755 541 2761 ⁴
645 2729 736 2795 VIH.
1262 2789 1263 2792 Ἴ

343 2850 401 2906 Ser.
419 2852 452 2906 in
471 2851 629 2907 Tusculano
652 2851 698 2906 VI
711 2853 755 2908 Id.
770 2851 835 2906 Iura
852 2870 877 2908 a.
894 2856 950 2908 709
969 2855 1039 2922 (45).
1203 2860 1221 2900 rs

489 2974 634 3031 CICERO
652 2969 799 3031 ATTICO
816 2975 900 3031 SAL.

250 3083 350 3148 Plane
371 3082 455 3148 nihil
472 3086 550 3168 erot,
572 3083 661 3166 quod
679 3084 720 3147 ad
737 3087 771 3147 te
790 3084 975 3169 scriberem3
998 3083 1095 3149 modo
1114 3084 1193 3148 enin
1262 3033 1263 3124 i

184 3172 375 3238 discesseras
404 3175 436 3235 et
463 3171 561 3254 paulo
592 3175 668 3254 post
694 3172 833 3255 triplicis
868 3173 1046 3238 remiseras.
1092 3170 1193 3238 Velim

184 3281 276 3326 cures
303 3259 492 3324 fasciculum
520 3259 562 3322 ad
584 3258 772 3324 Vestorium
795 3260 1000 3324 deferendum
1023 3264 1056 3324 et
1079 3261 1194 3344 aliquoi

186 3346 241 3411 des
269 3351 369 3447 negot
370 3347 451 3432 ium,
484 3346 540 3428 qui
568 3350 715 3431 quaerat,
747 3346 783 3422 Q,
816 3346 945 3412 Staberi
973 3348 1093 3412 fundus
1122 3368 1226 3412 numo

186 3433 259 3516 quis
291 3434 326 3500 'm
352 3433 548 3517 Pompeiano
576 3398 741 3498 Nolanoire
772 3435 894 3499 venalis
922 3436 974 3500 sit
1025 3435 1106 3519 Epit
1108 3457 1194 3500 omen
