2484 3886
168 154 188 217 2
488 149 525 204 Μ.
545 148 654 203 TULLI
672 146 862 202 CICERONIS
1216 179 1217 188 1

168 293 322 380 Catilina,
350 293 378 357 si
400 293 577 357 iudicatum
600 293 662 356 erit
684 291 816 355 meridie
838 311 905 354 non
932 289 1052 374 lucere,
1078 292 1176 352 certus

169 385 231 449 erit
254 382 455 465 competitor.
496 381 545 444 De
568 379 698 445 Aufidio
722 383 755 442 et
778 379 817 442 de
840 377 991 442 Palicano
1014 399 1081 442 non
1101 380 1175 460 puto
1217 391 1218 396 ’

133 477 202 538 ate
224 474 409 555 exspectare
432 469 508 533 dum
532 469 677 533 scribam.
723 467 773 530 De
795 467 850 551 iis,
874 466 930 549 qui
951 487 1038 530 nunc
1059 469 1176 549 petunt,
1213 537 1216 546 Ι

170 559 287 625 Caesar
314 562 420 622 certus
448 561 591 641 putatur.
636 556 795 620 Thermus
823 576 896 618 cum
920 552 1030 618 Silano
1057 557 1176 617 conten·
1218 594 1219 656 ,

169 649 243 713 dere
261 647 479 730 existimatur,
499 645 556 729 qui
579 645 625 709 sic
646 645 759 728 inopes
783 646 816 707 et
835 643 875 706 ab
895 642 1006 706 amicis
1026 646 1058 705 et
1077 641 1176 706 existi-
1196 657 1219 710 5}

168 736 311 800 matione
344 738 434 818 sunt,
465 738 502 797 ut
533 733 616 797 mibi
645 732 792 796 videatur
818 752 885 795 non
914 752 984 794 esse
1016 727 1176 795 ἀδύνατον

170 823 305 889 Curium
324 822 487 887 obducere.
525 819 588 885 Sed
604 820 667 884 hoc
684 823 812 903 praeter
832 841 884 882 me
905 819 1028 882 nemini
1050 818 1175 882 videtur.

169 910 301 977 Nostris
320 909 502 974 rationibus
520 909 659 973 maxime
677 907 851 972 conducere
869 907 997 971 videtur
1011 906 1176 970 Thermum
1219 928 1220 1004 p

170 1001 240 1064 fieri
267 1021 340 1062 cum
368 996 511 1061 Caesare.
556 994 663 1061 Nemo
692 1000 741 1059 est
768 995 855 1059 enim
878 1016 917 1058 cx
938 995 994 1080 iis,
1022 995 1078 1078 qui
1098 1013 1175 1056 nunc

170 1091 300 1172 petunt,
330 1086 387 1169 qui
419 1085 447 1149 si
478 1086 513 1148 in
543 1089 693 1148 nostrum
720 1106 840 1148 annum
869 1083 1031 1168 reciderit,
1062 1081 1176 1145 firmior
1187 1104 1206 1142 1

171 1174 359 1239 candidatus
385 1173 455 1238 fore
481 1173 642 1256 videatur,
667 1175 839 1256 propterea
866 1171 953 1254 quod
979 1174 1108 1235 curator
1133 1172 1176 1232 est

172 1261 243 1325 riae
265 1258 450 1323 Flaminiae.
497 1257 584 1334 Quae
612 1279 685 1320 cum
713 1257 774 1320 erit
802 1256 965 1341 absoluta,
992 1277 1068 1319 sane
1095 1253 1178 1318 facile
1220 1262 1221 1308 l

171 1369 245 1411 eum
269 1369 306 1412 11
326 1347 464 1410 libenter
486 1345 661 1429 municipia
684 1344 848 1408 consulem
871 1343 1059 1426 acceperint.
1103 1341 1178 1406 Peti-

172 1435 282 1496 torum
313 1431 392 1496 haec
423 1436 472 1496 est
504 1431 607 1496 adhuc
637 1433 811 1496 informata
841 1433 1005 1517 cogitatio.
1055 1431 1123 1496 Nos
1148 1432 1177 1494 in

117 1544 132 1563 r
174 1521 262 1584 omni
288 1541 420 1584 munere
448 1520 666 1585 candidatorio
692 1521 854 1606 fungendo
879 1542 1038 1584 summam
1060 1521 1222 1608 adhibe-15¹

172 1608 280 1672 bimus
317 1608 519 1693 diligentiam
555 1612 588 1672 et
623 1609 776 1695 fortasse,
812 1609 965 1692 quoniam
995 1609 1120 1673 videtur
1148 1608 1177 1670 in
1221 1609 1222 1678 1

174 1696 336 1781 suffragiis
359 1697 499 1760 multum
522 1718 618 1780 posse
642 1695 757 1782 Gallia,
780 1718 853 1760 cum
874 1696 996 1761 Romae
1021 1696 1177 1761 uindiciis

172 1784 280 1848 forum
307 1784 485 1868 refrixerit,
512 1805 715 1848 excurremus
742 1806 851 1849 mense
879 1783 1062 1869 Septembri
1088 1783 1177 1868 legati

173 1872 214 1936 ad
231 1871 392 1958 Pisonem,
414 1876 452 1935 ut
474 1871 626 1936 Ianuario
649 1877 855 1937 revertamur.
892 1871 975 1938 Cum
995 1892 1176 1957 perspexero

173 1961 357 2024 voluntates
393 1960 568 2045 nobilium,
602 1961 741 2025 scribam
778 1961 816 2024 ad
852 1964 892 2025 te.
948 1959 1062 2025 Cetera
1093 1981 1207 2046 speroa

173 2047 300 2131 prolixa
337 2069 406 2112 esse
442 2047 494 2111 his
535 2049 705 2113 dumtaxat
740 2048 874 2113 urbanis
911 2050 1176 2132 competitoribus.

173 2135 267 2200 Illam
287 2157 419 2199 manum
442 2140 480 2199 tu
501 2136 583 2200 mihi
606 2159 682 2201 cura
705 2141 742 2201 ut
765 2141 918 2222 praestes,
941 2139 1093 2221 quoniam
1115 2157 1177 2221 prc-

173 2224 247 2307 pius
270 2223 357 2309 abes,
378 2222 526 2310 Pompei,
554 2227 660 2289 nostri
683 2226 785 2289 amici.
827 2223 920 2311 Nega
942 2248 994 2290 me
1018 2228 1048 2290 ei
1069 2226 1177 2290 iratum

172 2312 256 2397 fore,
293 2311 321 2374 si
353 2311 393 2375 ad
419 2334 491 2375 11111
523 2314 654 2377 comitia
684 2335 752 2377 non
782 2315 914 2378 venerit.
970 2313 1079 2398 Atque
1108 2313 1178 2377 hacc

173 2399 269 2463 huius
292 2399 380 2463 modi
404 2405 487 2464 11111.
1189 2418 1208 2458 a

136 2504 153 2550 3
241 2485 304 2551 Sed
326 2491 390 2571 est,
414 2488 500 2571 quod
522 2488 580 2552 abs
604 2494 637 2554 11
660 2489 741 2553 mihi
763 2490 889 2574 ignosci
912 2490 1076 2573 pervelim.
1112 2487 1178 2553 Cae·

173 2574 276 2659 cilius,
300 2576 475 2639 avimculus
499 2580 584 2660 tuus,
609 2576 678 2642 aP.
699 2577 798 2642 Vario
823 2600 895 2642 cum
918 2599 1037 2663 magna
1055 2577 1178 2662 pecunia

172 2663 388 2748 fraudaretur,
417 2685 510 2748 agere
539 2665 645 2749 coepit
672 2688 744 2731 cum
773 2667 841 2731 eius
866 2667 967 2730 fratre
989 2666 1029 2731 A.
1054 2665 1177 2731 Caninio

174 2749 292 2835 Satyro
320 2752 358 2816 de
385 2752 426 2816 iis
454 2752 566 2837 rebus,
598 2775 677 2836 quas
708 2776 782 2818 eum
809 2754 883 2818 dolo
916 2755 1001 2818 malo
1029 2753 1176 2836 mancipio

173 2841 332 2923 accepisse
355 2841 393 2904 de
417 2839 516 2904 Vario
540 2841 667 2905 diceret.
711 2841 785 2906 Una
808 2843 947 2927 agebant
971 2844 1069 2907 ceteri
1091 2840 1207 2906 credi-so

172 2930 273 3014 tores,
300 2929 336 2991 in
364 2929 482 3012 quibus
510 2932 579 2992 1111
601 2930 639 2993 L.
662 2929 815 2994 Lucullus
842 2934 875 2996 et
897 2930 931 2995 P.
956 2929 1065 3014 Scipio
1088 2935 1130 3016 et,
1153 2928 1176 2991 is

173 3037 269 3099 quem
295 3017 456 3101 putabant
478 3017 671 3102 magistrum
693 3019 776 3104 fore,
807 3019 835 3084 si
858 3019 944 3083 bona
966 3021 1124 3104 venirent,
1147 3015 1176 3079 L.

171 3102 317 3169 Pontius.
349 3103 473 3169 Verum
490 3105 553 3170 hoc
571 3106 742 3170 ridiculum
761 3112 811 3171 est
830 3107 868 3171 de
890 3109 1058 3192 magistro.
1094 3105 1176 3171 Nunc

172 3212 329 3277 cognosce
365 3214 442 3258 rem.
498 3193 639 3279 Rogavit
676 3217 726 3258 me
759 3194 930 3281 Caecilius,
972 3200 1010 3260 ut
1047 3196 1175 3260 adessem

172 3285 284 3344 contra
308 3279 468 3365 Satyrum.
515 3282 593 3346 Dies
616 3283 682 3347 fere
704 3284 814 3347 nullus
837 3287 897 3370 est,
920 3285 999 3368 quin
1021 3284 1075 3348 hic
1097 3284 1204 3364 Saty-³⁵

171 3390 227 3432 rus
265 3369 397 3433 domum
432 3391 537 3434 meam
568 3372 719 3454 ventitet3
757 3371 907 3436 observat
939 3371 973 3436 L.
1007 3371 1175 3437 Domitium

171 3457 323 3544 maxime,
345 3480 397 3522 me
420 3458 520 3523 habet
542 3459 738 3544 proximum3
766 3461 830 3523 fuit
853 3461 990 3524 etmihi
1013 3466 1046 3527 et
1069 3461 1175 3538 Quinto
