2560 3880
200 197 458 252 EPISTULARUM
476 197 525 252 AD
544 197 706 252 ATTICUM
724 197 775 252 XV
795 204 836 266 19,
857 203 899 253 20.
989 199 1056 263 485

44 359 150 423 genus
173 339 254 404 illud
276 340 443 426 interitus,
469 340 565 424 †quo
589 361 684 404 cause
706 361 818 404 cursus
841 344 899 424 cst,
926 341 1055 404 foedum

44 428 165 492 ducens
198 432 231 492 ct
263 428 355 510 quasi
387 429 612 492 denuntiatum
642 427 736 491 nobis
768 427 809 491 ab
840 426 983 492 Antonio
1015 449 1055 491 cx

43 514 107 578 hcc
129 535 226 578 nessa
249 516 334 578 exire
357 515 512 580 constitui
534 537 599 579 non
618 516 658 578 ad
680 515 797 600 fugam,
825 515 881 580 sed
903 516 943 579 ed
966 537 1054 598 spem

43 603 163 666 mortis
185 601 336 667 melioris.
381 601 469 667 Haeo
493 603 596 667 omnis
620 603 713 686 eulpa
735 602 837 667 Bruti

15 715 28 754 5
113 689 301 773 Pompeium
334 688 461 754 Carteia
493 695 654 773 receptum
686 691 807 755 scribic
852 689 921 754 Iam
951 689 1089 774 igitur-⁹»

42 780 160 841 contra
194 778 281 841 hunc
312 778 494 842 exereitum.
548 777 631 842 Utra
664 799 740 863 ergo
772 779 898 843 cestra?
947 776 1054 841 Medic

43 865 132 928 enim
155 865 243 930 toffit
266 863 438 929 Antonius.
474 863 535 928 Illa
557 866 693 952 infirme,
714 866 792 930 hcec
813 865 942 930 nefaria.
978 864 1054 929 Pro-

42 973 192 1034 pcrcmus
221 953 330 1037 igitur.
380 952 442 1017 Sed
470 953 545 1016 iuva
574 975 625 1017 me
659 954 808 1039 consilio,
840 953 1054 1018 Brundisione

42 1061 85 1107 cn
118 1039 271 1104 Puteoliu
325 1039 447 1104 Brutus
479 1040 608 1124 quidem
640 1040 762 1126 subito,
799 1041 853 1104 sed
885 1042 1053 1124 supienter.

10 1151 27 1190 o
42 1128 170 1211 Πάσχα)
192 1152 232 1192 τι.
270 1125 403 1203 Quando
427 1128 512 1192 enim
533 1128 648 1192 illum?
681 1127 743 1192 Sed
759 1129 900 1193 humana
916 1129 1052 1193 ferenda.

41 1213 92 1277 Tu
121 1215 190 1298 ipsc
217 1237 289 1278 eum
317 1216 424 1279 videre
451 1237 517 1279 non
542 1220 643 1298 potes.
689 1215 733 1280 Di
754 1216 803 1280 illi
826 1221 970 1302 mortuo,
997 1217 1054 1300 qui

41 1323 197 1385 umquam
215 1302 426 1367 Buihuoluml
468 1302 531 1367 Sed
553 1307 624 1367 colu
641 1303 754 1388 misse5
777 1305 950 1388 videamus,
973 1325 1054 1388 quae

42 1390 167 1474 agenda
190 1390 264 1453 siut.

110 1475 265 1541 Rationes
292 1477 419 1561 Erotis,
449 1476 511 1541 cisi
537 1477 644 1560 ipsum
670 1477 812 1541 nondum
839 1477 919 1560 vidi,
946 1481 1090 1542 temone

10 1587 27 1628 c
41 1568 73 1626 et
99 1586 139 1628 ex
161 1564 280 1628 litteris
304 1565 372 1629 eius
391 1569 481 1629 etex
501 1587 547 1648 eo,
571 1566 657 1648 quod
675 1565 751 1629 Tiro
770 1565 931 1650 cognovit,
954 1587 1054 1648 prope

40 1652 174 1716 modum
197 1652 342 1736 cognitas
365 1653 477 1717 habco.
514 1651 689 1717 Versurcm
712 1652 826 1717 scribis
849 1674 918 1716 esse
940 1651 1054 1716 facien·
1117 1707 1119 1714 .

40 1738 117 1803 dam
145 1761 292 1804 mensum
320 1741 475 1824 quinque,
501 1740 535 1803 id
562 1744 611 1804 esi
639 1740 678 1803 ud
701 1740 772 1804 Kcl.
791 1738 888 1826 Nou,
914 1738 971 1803 HS
996 1744 1053 1823 ᾧ

40 1826 75 1889 iu
100 1849 171 1891 eum
194 1828 278 1891 diem
301 1828 411 1891 cadere
432 1849 597 1912 nummos,
624 1828 680 1910 qui
703 1850 722 1892 a
744 1826 864 1904 Quinto
887 1826 1051 1891 debentur.
1116 1831 1118 1836 ’

39 1912 151 1978 Velim
174 1915 284 2000 igitur,
308 1916 460 1998 quoniam
483 1915 559 1979 'liro
577 1920 675 1998 negai
694 1916 756 1980 libi
774 1915 898 1999 placere
914 1937 966 1978 me
985 1915 1053 1978 eius

11 2003 87 2065 orei
119 2023 214 2066 cause
236 2001 373 2067 Romam
400 2002 522 2089 venire,
549 2003 578 2067 si
605 2025 642 2067 ea
671 2007 703 2066 io
726 2025 777 2067 res
800 2002 883 2067 nihil
906 2003 1053 2086 offendet,
1121 2055 1123 2064 .

40 2089 165 2175 videus,
193 2090 276 2154 uude
297 2091 422 2154 nummi
445 2091 519 2174 sini,
542 2089 623 2154 mihi
645 2091 729 2154 feres
752 2112 935 2173 expensum.
981 2089 1053 2154 Hoc
1118 2111 1119 2116 ¹

40 2178 134 2241 video
157 2177 396 2261 inpraesentia
420 2199 601 2262 opusesse.
641 2176 780 2261 Reliqua
802 2178 990 2263 diligentius
1014 2200 1052 2241 ex
1121 2199 1123 2204 ·

39 2263 103 2328 hoc
135 2265 207 2347 ipso
240 2266 419 2352 exquiram,
450 2267 485 2329 iu
515 2266 566 2330 his
599 2267 638 2329 dc
668 2266 867 2330 mercedibus
895 2265 1051 2329 dotalium
1125 2295 1128 2306 ·

40 2352 254 2434 praediorum.
310 2353 398 2430 Quae
435 2353 462 2417 si
498 2353 636 2417 fideliter
669 2352 814 2418 Ciceroni
847 2352 1054 2438 curabuntur,
1127 2345 1131 2361 ‘

12 2461 27 2501 o
41 2461 237 2523 quemquam
264 2440 338 2505 volo
365 2440 484 2525 laxius,
511 2445 618 2505 temen
642 2441 671 2504 ei
693 2463 793 2525 prope
815 2442 947 2505 modum
969 2439 1054 2505 nihil

39 2527 131 2592 dorii.
165 2527 324 2610 Equidem
343 2529 435 2592 video
454 2529 534 2592 mihi
554 2551 680 2611 quoque
699 2551 780 2613 opus
799 2551 868 2593 esse
886 2529 1052 2614 viaticum3

40 2615 96 2684 sed
119 2615 150 2679 ei
174 2636 212 2678 ex
235 2615 387 2698 praediiS,
414 2619 452 2680 ul
475 2616 574 2701 cadet,
597 2617 644 2680 ita
666 2616 818 2702 solvetur,
840 2616 921 2680 mihi
944 2620 1052 2680 aulem

39 2724 121 2787 opus
154 2706 203 2767 esi
231 2703 390 2767 universo.
435 2703 608 2789 Equidem,
636 2704 697 2767 etsi
721 2703 803 2768 mihi
829 2705 956 2768 videtur
980 2705 1054 2790 isto,

40 2790 96 2873 qui
120 2791 253 2854 umbras
275 2791 377 2876 limet,
402 2791 442 2854 ad
464 2791 590 2854 caedem
613 2795 765 2876 spectare,
788 2797 897 2856 tamen
918 2793 982 2856 nisi
1000 2814 1052 2856 ex·

13 2899 27 2938 o
39 2878 161 2959 plicata
189 2877 349 2942 solutione
376 2899 442 2942 non
458 2901 541 2962 ,sum
569 2878 776 2943 discessurus.
826 2879 917 2944 Sitne
944 2884 1054 2944 autem

39 2967 201 3049 explicate
222 2986 331 3049 necne,
358 2969 465 3030 tecum
487 2986 686 3051 cognoscam.
731 2965 824 3031 Hauc
845 2968 958 3051 putavi
980 2989 1051 3030 mee

38 3075 138 3118 manu
166 3053 368 3118 scribendam
397 3055 508 3137 itaque
535 3053 604 3118 feei.
650 3052 699 3117 De
721 3051 836 3140 Fadio,
865 3060 901 3120 ut
929 3055 1054 3139 scribis²

38 3142 153 3226 utique
176 3141 232 3204 ulii
254 3141 383 3204 nemini.
428 3140 599 3206 Rescribcs
623 3142 719 3206 velim
740 3142 843 3208 hodie.
