2616 3884
162 113 228 176 226
484 112 521 165 Μ.
542 110 648 164 TULLI
666 109 854 165 CICERONIS

161 277 276 322 maneo
301 260 333 320 et
359 255 453 318 illum
480 254 669 319 comitatum
698 253 894 337 optimorum
922 258 954 318 et
982 253 1174 319 clarissimo·
1295 291 1296 370 ,

163 368 236 409 rum
259 344 376 409 civium
394 343 515 427 desero,
538 343 712 406 cadendum
731 342 833 406 estin
851 341 947 406 unius
970 345 1174 425 potestatem.

165 433 226 509 Qui
249 433 311 496 etsi
332 431 444 495 multis
467 431 564 495 rebus
589 431 750 515 significat
772 451 805 494 se
828 430 923 495 nobis
943 451 1012 495 esse
1035 431 1174 495 amicum

165 519 222 608 (et,
243 525 281 584 ut
304 522 397 604 esset,
420 542 439 583 a
461 541 513 582 me
536 523 594 602 est,
616 522 686 582 tute
710 518 782 604 scis,
804 522 936 602 propter
960 518 1174 602 suspicionem

164 610 260 673 huius
283 608 497 691 impendentis
521 607 724 690 tempestatis
751 607 855 670 multo
883 610 957 670 ante
983 605 1174 694 provisum),
1200 632 1213 674 a

164 701 272 762 tamen
299 701 473 778 utrumque
500 695 766 759 considerandum
793 698 856 779 est,
888 698 920 760 et
947 699 1069 778 quanta
1094 695 1174 760 fides

98 829 100 837 ι
165 786 195 850 ei
227 785 270 849 sit
301 783 460 867 habenda,
492 787 538 867 et,
570 783 599 846 si
629 783 769 846 maxime
800 782 1003 866 exploratum
1031 783 1074 847 sit
1101 805 1176 864 eum

163 873 259 939 nobis
283 873 421 936 amioum
443 872 521 956 fore,
545 871 629 935 sitne
647 871 710 936 viri
732 870 827 934 fortis
850 874 883 934 et
906 871 984 935 boni
1003 870 1081 935 civis
1105 892 1175 936 esse

165 962 200 1026 in
223 983 260 1025 ea
282 960 371 1045 urbe,
389 959 424 1022 in
442 980 506 1042 qua
524 980 597 1023 curn
617 959 750 1022 summis
768 957 946 1023 honoribus
966 959 1175 1043 imperiisque

164 1071 243 1113 usus
267 1049 324 1133 sit,
346 1069 397 1111 res
420 1047 577 1111 maximas
602 1048 753 1132 gesserit,
777 1046 955 1112 sacerdotio
979 1047 1023 1111 sit
1046 1048 1175 1131 amplis·
1189 1074 1216 1113 ro
1297 1108 1298 1133 ,

165 1136 247 1200 simo
274 1135 453 1220 praeditus,
480 1156 547 1199 non
572 1135 702 1199 futurus
728 1137 782 1213 at,
818 1136 873 1217 qui
896 1136 1005 1217 fucrit,
1039 1135 1175 1200 subeun-
1297 1161 1298 1240 p

166 1225 304 1307 dumque
327 1222 504 1307 periculum
528 1223 571 1286 sit
594 1244 666 1287 omn
690 1223 851 1306 aliquanto
873 1225 995 1288 maiore
1015 1224 1176 1309 dedecoro,
1297 1241 1298 1288 4

129 1313 195 1379 asi
225 1312 351 1397 quando
382 1310 555 1394 Pompeius
586 1332 655 1375 rem
686 1311 849 1395 publicam
882 1311 1086 1396 recuperarit.
1135 1309 1176 1376 In
1292 1301 1298 1380 l

165 1401 226 1466 hac
248 1405 339 1484 parte
360 1399 440 1463 haec
462 1403 546 1464 sunt.
1297 1381 1298 1470 l

232 1488 314 1553 Vide
341 1509 439 1573 nunc,
466 1509 547 1571 quae
575 1487 641 1551 sint
667 1487 703 1551 in
726 1487 833 1551 altera.
879 1485 973 1551 Nihil
995 1491 1102 1551 actum
1125 1491 1175 1552 est
1189 1513 1214 1554 rs

166 1600 185 1642 a
206 1576 360 1660 Pompeio
382 1579 496 1640 nostro
521 1576 692 1661 sapienter,
714 1575 797 1639 nihil
815 1575 954 1660 fortiter,
977 1575 1057 1639 addo
1076 1575 1175 1640 etiam

164 1665 248 1730 nihil
282 1665 348 1729 nisi
383 1667 495 1728 contra
531 1663 701 1728 consilium
737 1663 1025 1747 auctoritatemque
1060 1686 1174 1729 meam.

167 1753 291 1819 Omitto
315 1753 372 1816 illa
394 1755 516 1837 vetera,
543 1752 630 1835 quod
656 1752 756 1815 istum
782 1751 817 1814 in
844 1773 912 1815 rem
935 1751 1097 1834 publicam
1118 1752 1175 1817 illo

167 1843 261 1926 aluit,
289 1841 392 1925 auxit,
420 1840 570 1923 armavit,
595 1839 650 1904 ille
678 1839 805 1923 legibus
832 1840 979 1922 pervim
1007 1844 1040 1904 et
1062 1844 1176 1905 contra

166 1929 308 2013 auspicia
330 1928 468 1992 ferendis
492 1932 613 2011 auctor,
635 1927 689 1990 ille
714 1925 838 1991 Galliae
860 1927 1023 1993 ulterioris
1047 1927 1174 1993 adiunc-
1189 1956 1217 1995 ac

165 2023 227 2099 tor,
249 2017 304 2080 ille
327 2037 433 2101 gener,
455 2015 511 2080 illo
533 2014 568 2078 in
591 2015 771 2098 adoptando
794 2014 828 2079 P.
848 2012 960 2079 Clodio
984 2037 1096 2101 augur,
1118 2017 1174 2080 ille

165 2104 356 2169 restituendi
378 2104 442 2167 mei
465 2124 562 2186 quam
584 2102 743 2166 retinendi
761 2103 945 2188 studiosior,
967 2103 1022 2169 ille
1045 2105 1175 2188 provin·

166 2190 916 2362 {llilfltlilllallilllnlldluliffilli
929 2191 1175 2346 atttatt

166 2366 313 2451 publicae
332 2369 447 2452 eoepit,
465 2330 640 2453 contendit,
661 2370 698 2430 ut
717 2367 824 2432 decem
841 2368 965 2431 tribuni
984 2368 1026 2451 pl.
1045 2369 1177 2455 ferrent,
1191 2395 1219 2436 aa

165 2461 203 2519 ut
234 2456 376 2519 absentis
406 2456 489 2520 ratio
520 2454 706 2540 haberetur,
739 2456 826 2538 quod
854 2456 939 2520 idem
966 2456 1036 2539 ipse
1067 2457 1177 2521 sanxit
1299 2518 1300 2540 ,

165 2545 237 2628 lege
260 2544 398 2626 quadam
427 2565 498 2628 sua,
527 2542 700 2627 Marcoque
723 2542 875 2608 Marcello
902 2544 1027 2608 consuli
1048 2545 1176 2610 finienti
1299 2561 1300 2628 f

166 2631 346 2716 provincias
362 2630 483 2695 Gallias
496 2630 714 2696 Kalendarum
726 2630 917 2695 Martiarum
931 2632 981 2696 dic
994 2633 1117 2697 restitit
1131 2671 1175 2681 —
1299 2643 1300 2714 j

167 2720 231 2805 sed,
252 2724 290 2783 ut
311 2719 389 2783 haec
413 2719 569 2803 omittam,
593 2720 671 2804 quid
692 2719 831 2804 foedius,
854 2720 932 2803 quid
953 2721 1175 2804 perturbatius

165 2808 227 2871 hoc
260 2807 300 2870 ab
330 2807 409 2871 urbe
441 2807 582 2872 discessu
615 2808 682 2871 sive
714 2809 823 2891 potius
855 2808 1044 2892 turpissima
1074 2809 1175 2894 fuga?
1191 2837 1221 2876 ao
1299 2825 1300 2832 ’

167 2894 254 2970 Quae
277 2894 420 2959 condicio
443 2916 510 2958 non
533 2895 716 2978 accipienda
742 2896 805 2960 fuit
827 2896 936 2979 potius
960 2918 1058 2979 quam
1079 2897 1176 2962 relin-

167 2983 292 3067 quenda
314 2982 441 3066 patria?
486 2982 591 3047 Malae
614 2983 815 3048 condiciones
844 2987 948 3066 erant,
975 2985 1092 3068 fatcor,
1120 2986 1177 3050 sed

129 3089 244 3136 4num
267 3070 428 3154 quidhoc
450 3070 563 3154 peius?
607 3068 654 3135 At
680 3071 881 3155 recuperabit
908 3094 975 3137 rem
1003 3073 1176 3156 publicam.

167 3157 321 3236 Quando?
355 3162 410 3223 aut
443 3158 520 3242 quid
552 3158 592 3222 ad
624 3180 694 3222 eam
727 3181 816 3243 spem
848 3164 896 3225 est
926 3161 1053 3244 parati?
1098 3158 1178 3226 Non
1299 3233 1300 3238 η

167 3269 243 3332 ager
260 3247 395 3312 Picenus
419 3246 578 3310 amissus?
600 3267 668 3311 non
684 3249 881 3330 patefactum
901 3248 964 3313 iter
982 3249 1022 3312 ad
1039 3249 1177 3314 urbem?
1192 3275 1221 3317 00
1299 3251 1300 3254 ’

165 3357 233 3400 non
261 3335 395 3419 pecunia
427 3335 531 3399 omnis
564 3337 597 3399 et
623 3335 753 3418 publica
780 3340 813 3400 et
839 3337 966 3420 privata
993 3337 1175 3402 adversario

166 3424 307 3488 tradita?
334 3423 481 3507 Denique
499 3422 590 3487 nulla
607 3444 711 3507 causa,
727 3423 836 3489 nuhaa
854 3425 947 3510 vires,
967 3425 1057 3489 nulla
1075 3425 1177 3514 sedes,

1287 679 1297 742 t
