2586 3886
156 134 220 198 106
475 133 512 187 Μ.
533 132 640 187 TULLI
658 131 848 188 monnulus

153 299 236 362 quae
270 299 321 341 me
357 277 546 360 sollicitant,
581 277 807 360 μυστικώτερα
840 278 925 339 sunt.
971 273 1129 338 Amamur
1155 297 1176 337 a

153 367 253 430 fratrc
276 369 309 429 et
332 387 350 428 a
373 365 448 430 filia.
495 366 539 429 Te
562 369 791 447 exspectamus.

634 537 692 603 ΙΙΙ.

347 661 404 716 Ser.
425 661 529 715 Romae
551 661 632 716 VHI
646 660 683 713 K.
703 660 769 715 Dec.
789 677 815 713 a.
837 662 892 714 697
911 661 980 727 (57).

476 782 604 836 CICERO
623 780 754 837 ATTICO
775 782 850 839 SAL.
1209 793 1225 833 5

119 909 134 957 1
222 890 325 955 Avere
355 893 388 954 te
418 893 505 955 certo
537 891 602 955 scio
633 913 706 955 aum
736 891 830 973 scire,
862 889 939 973 quid
970 890 1024 954 hic
1047 892 1171 974 agatur,
1285 931 1286 934 =

154 985 225 1044 tum
249 979 313 1063 [ea]
338 1001 357 1042 a
379 1001 430 1042 mc
454 979 547 1063 seire,
576 1000 643 1042 non
666 1000 730 1062 quo
754 979 891 1043 certiora
919 977 985 1042 sint
1009 1000 1058 1061 ea,
1088 999 1171 1061 quae

153 1069 190 1132 in
213 1067 314 1131 oculis
338 1067 482 1130 omnium
505 1070 671 1151 geruntur,
695 1067 722 1131 01
743 1089 762 1130 0
784 1088 836 1130 me
859 1066 1049 1149 scribantur,
1073 1059 1193 1150 quam'

154 1178 228 1220 cum
251 1154 291 1218 ab
316 1155 388 1218 aliis
413 1158 469 1218 aut
498 1155 680 1219 scribantur
707 1155 771 1218 tibi
798 1157 855 1218 aut
881 1153 1086 1236 nuntientur,
1113 1154 1170 1218 sed

154 1247 191 1307 ut
221 1242 395 1327 perspicias
427 1264 466 1306 cx
495 1243 575 1306 meis
605 1242 739 1326 litteris,
770 1265 833 1325 quo
864 1241 971 1306 animo
1000 1263 1037 1306 ea
1059 1242 1219 1328 feram,1o

155 1352 237 1415 quae
252 1335 418 1415 geruntur,
441 1330 544 1414 etqui
563 1330 606 1394 sit
624 1331 687 1394 hoc
704 1335 850 1414 tempore
869 1333 925 1394 aut
943 1331 1061 1394 mentis
1078 1351 1170 1394 meae

156 1440 269 1484 sensus
294 1423 350 1482 aut
374 1417 505 1482 omnino
527 1418 614 1482 vitae
638 1423 752 1483 status.

116 1524 135 1572 a
221 1505 367 1570 Armatis
389 1505 575 1570 hominibus
604 1507 786 1571 antediem
812 1508 946 1572 tertium
967 1506 1078 1572 Nonas
1101 1505 1170 1571 No·
1285 1551 1286 1554 κ

155 1595 302 1659 vembres
326 1595 452 1677 expulsi
475 1598 551 1658 sunt
573 1595 658 1659 fabri
681 1595 719 1658 de
742 1618 816 1660 area
838 1599 964 1678 nostra,
987 1593 1169 1658 disturbata
1285 1627 1286 1636 ¹

154 1683 299 1766 porticus
331 1681 453 1767 Catuli,
483 1703 565 1766 quae
594 1705 633 1746 ex
663 1687 793 1747 senatus
823 1683 970 1748 consulto
1001 1681 1170 1747 consulum
1185 1709 1216 1750 15

154 1771 314 1835 locatione
336 1771 541 1835 reficiebatur
570 1775 601 1834 ct
629 1771 669 1834 ad
695 1775 818 1835 tectum
845 1793 945 1855 paene
972 1774 1169 1854 pervenerat,

155 1858 268 1934 Quinti
290 1859 401 1922 fratris
424 1859 537 1922 domus
561 1859 665 1941 primo
684 1859 786 1922 fracta
804 1860 950 1923 coniectu
967 1858 1109 1940 lapidum
1128 1879 1168 1921 ex

156 1969 230 2010 area
251 1950 373 2029 nostra,
396 1946 508 2010 deinde
530 1945 731 2010 inflammata
748 1947 840 2011 iussu
859 1945 951 2011 Olodi
968 1947 1168 2028 inspectante

154 2035 235 2098 urbe
263 2035 415 2098 coniectis
444 2034 576 2118 ignibus
604 2054 721 2118 magna
744 2035 873 2118 querela
900 2037 931 2098 et
955 2033 1076 2118 gemitu
1099 2054 1170 2098 non

153 2121 259 2185 dicam
281 2122 454 2205 bonorum,
485 2122 540 2205 qui
569 2123 676 2186 nescio
707 2144 749 2186 an
776 2123 860 2186 nulli
887 2121 966 2206 sint,
996 2121 1049 2185 sed
1071 2121 1214 2204 plancae

153 2209 324 2273 hominum
347 2209 498 2274 omnium.
530 2208 589 2274 Ille
613 2211 741 2274 demens
764 2233 866 2296 ruere,
888 2214 963 2293 post
985 2209 1071 2274 hunc
1090 2231 1168 2274 vero

154 2297 298 2362 furorem
319 2297 403 2360 nihil
424 2297 488 2361 nisi
515 2298 643 2362 eaedem
668 2297 873 2362 inimieorum
903 2298 1058 2382 cogitare,
1085 2297 1168 2362 rica-

153 2385 216 2447 tim
246 2384 382 2468 ambire,
413 2386 514 2449 servis
544 2389 652 2469 aperte
683 2408 773 2470 spem
801 2386 962 2450 libertatis
994 2385 1168 2451 ostendere.

154 2471 287 2536 Etenim
311 2476 412 2555 autea,
436 2495 509 2537 eum
527 2474 681 2538 iudicium
698 2473 843 2558 tollebat,
865 2473 1007 2537 habebat
1024 2472 1080 2537 ille
1098 2474 1168 2557 qui·

155 2560 228 2623 dem
250 2559 414 2624 difficilem
437 2561 705 2645 manifestamque
727 2584 864 2645 eausam,
888 2562 944 2625 sed
965 2565 1075 2624 tamen
1096 2583 1169 2625 eau-
1184 2589 1212 2630 aa

156 2669 238 2733 sam3
260 2651 388 2731 poterat
410 2647 553 2731 infitiari,
575 2653 703 2732 poterat
723 2651 759 2714 in
773 2650 853 2714 alios
868 2649 1018 2731 derivare,
1040 2652 1170 2732 poterat

155 2735 253 2798 ctiam
277 2735 399 2820 aliquid
421 2736 491 2800 iure
512 2737 635 2801 factum
662 2738 842 2822 defendere,
869 2740 944 2820 post
966 2737 1025 2800 has
1048 2737 1170 2823 ruinas,

153 2823 313 2906 incendia,
342 2823 472 2907 rapinas
501 2824 646 2890 desertus
677 2848 696 2889 a
725 2827 792 2890 suis
822 2826 877 2890 vix
907 2825 972 2889 iam
1000 2823 1169 2889 Decimum

154 2911 407 2997 designatorem,
435 2912 490 2975 vix
515 2911 664 2976 Gellium-
677 2913 807 2996 retinet,
837 2935 1004 2978 servorum
1026 2912 1168 2978 consiliis

154 2999 272 3085 utitur,
301 2999 402 3084 videt,
432 2998 461 3063 si
491 3021 614 3081 omnes,
645 3023 726 3084 quos
755 3002 840 3085 vult,
870 3001 977 3084 palam
1008 3000 1168 3084 occiderit,
1182 3029 1210 3067 ao

153 3086 256 3151 nihilo
281 3108 373 3152 suam
396 3085 524 3152 causam
548 3088 774 3172 difficiliorem,
805 3111 901 3172 quam
924 3088 1027 3153 adhuc
1050 3088 1107 3174 sit,
1134 3088 1170 3154 in

115 3174 272 3239 3iudicio
294 3175 447 3240 futuram.
493 3174 607 3259 Itaque
634 3182 708 3241 ante
736 3178 820 3241 diem
843 3175 976 3240 tertium
1003 3174 1170 3242 11111οΝ0-
1285 3257 1286 3260 Ἴ

53 3271 68 3304 ·
154 3262 310 3346 vembres,
334 3285 406 3328 cum
424 3263 521 3328 Sacra
539 3265 591 3328 via
610 3264 840 3347 descenderem,
862 3265 1026 3329 insecutus
1051 3267 1100 3328 est
1117 3285 1169 3328 mc
1285 3327 1286 3330 ,

153 3371 228 3414 011111
252 3351 327 3415 01110.
370 3350 508 3437 Clamor,
531 3352 662 3436 lapides,
684 3352 797 3438 fustea,
819 3352 926 3437 gladii,
949 3352 1028 3416 haec
1050 3351 1169 3435 impro-

153 3438 224 3502 visa
247 3441 362 3503 omnia.
408 3438 623 3503 Discessimus
651 3441 688 3502 in
708 3439 906 3504 vestibulum
929 3439 1018 3503 Tetti
1040 3438 1170 3503 Damio·
1184 3463 1209 3504 aa
