2586 3886
165 155 230 220 122
489 155 526 210 M.
546 154 653 209 TULLI
672 153 862 210 CICERONIS

162 298 354 364 Tusculano.
400 298 446 363 Et
474 302 543 364 erat
571 299 667 382 primi
694 299 772 363 libri
794 319 899 362 sermo
929 318 997 362 non
1020 297 1147 360 alienus
1173 319 1196 360 a

11 449 12 464 ,
163 386 336 452 Scaevolae
360 387 486 470 studiis,
508 387 626 470 reliqui
649 387 727 452 libri
749 389 967 470 τεχνολογίαν
988 385 1125 470 habent,
1150 389 1194 448 ut

10 475 12 550 l
163 476 234 540 scis.
281 474 367 540 Huic
392 475 603 540 ioculatorem
628 497 737 540 senem
760 475 868 557 illum,
894 478 931 538 ut
955 495 1062 559 noras,
1086 473 1193 538 inter-

164 586 235 628 esse
259 584 335 628 1111
357 563 458 629 nolui.
928 620 931 626 .

127 669 146 716 4
231 649 280 716 De
302 674 337 716 re
354 650 456 716 Piliae
476 651 564 736 quod
582 652 706 737 scribis,
729 651 790 715 erit
808 651 890 715 mihi
908 671 1010 716 curae.
1047 649 1186 714 Etenim
1221 673 1237 714 1

165 744 215 804 est
236 740 401 804 luculenta
422 762 474 804 res
496 739 674 826 Aureliani,
696 744 734 804 ut
753 739 878 825 scribis,
899 739 1035 804 indiciis.
1081 738 1129 802 Et
1151 738 1191 802 in

165 851 202 893 eo
232 850 284 893 me
315 828 413 892 etiam
436 827 561 892 Tulliae
590 850 680 893 meae
707 827 889 892 venditabo.
934 825 1088 892 Vestorio
1116 848 1189 890 non

164 917 284 980 desum.
323 914 461 980 Gratum
484 917 570 980 enim
592 917 655 981 tibi
678 915 712 981 id
734 938 803 981 esse
826 915 980 1000 intellego
1004 918 1046 1000 et,
1068 919 1106 980 ut
1129 915 1189 980 ille

163 1005 343 1089 intellegat,
365 1025 451 1069 curo.
498 1004 561 1069 Sed
583 1005 656 1090 scis,
679 1004 756 1088 qui?
780 1002 863 1069 (lum
884 1004 1003 1068 habeat
1022 1003 1085 1068 duo
1108 1003 1188 1068 faci·

164 1093 220 1178 les,
242 1091 327 1156 nihil
349 1091 522 1156 difficilius.
1203 1117 1233 1158 ro

129 1197 145 1244 1
232 1177 328 1245 Nunc
360 1180 400 1243 ad
433 1201 483 1265 ea,
514 1201 593 1262 quoe
625 1179 753 1263 quaeris
786 1181 825 1244 de
852 1177 887 1245 O.
916 1177 1047 1245 Catone.
1097 1178 1188 1264 Lege

163 1267 258 1332 Iunia
280 1272 313 1332 et
335 1266 460 1332 Licinia
483 1269 545 1332 scis
568 1267 767 1351 absolutum3
790 1267 883 1333 Fufia
901 1289 961 1352 ego
981 1267 1044 1332 tibi
1066 1268 1186 1332 nuntio

165 1356 352 1420 absolutum
371 1356 413 1421 iri
430 1377 534 1440 neque
552 1356 699 1440 patronis
719 1357 787 1421 suis
804 1361 873 1420 tarn
889 1356 1068 1421 libentibus
1087 1378 1187 1440 quam

164 1445 415 1509 accusatoribus.
451 1444 484 1509 Is
508 1449 617 1508 tamen
640 1449 672 1508 et
694 1466 820 1510 mecum
841 1448 873 1509 et
896 1466 970 1510 cum
997 1443 1120 1509 Milone
1148 1445 1186 1509 in

164 1533 305 1617 gratiam
333 1533 438 1598 rediit.
488 1530 615 1597 Drusus
644 1555 718 1596 reus
752 1537 801 1597 est
835 1533 940 1598 factus
973 1556 992 1597 a
1021 1531 1184 1598 Lucretio.
1200 1557 1227 1598 15
1281 1537 1282 1620 i

164 1619 329 1686 Iudicibus
351 1621 520 1687 reiciendis
543 1623 609 1687 dias
630 1626 676 1686 est
697 1622 797 1687 dictus
820 1644 847 1685 a.
866 1621 894 1685 d.
913 1644 935 1685 v
952 1620 1037 1686 Non
1056 1619 1184 1696 Quinot.
1281 1621 1282 1638 ³

163 1706 214 1773 De
236 1707 376 1774 Procilio
399 1731 545 1774 rumores
566 1731 634 1774 non
654 1709 742 1795 boni,
765 1708 821 1774 sed
839 1709 957 1773 iudicia
973 1709 1071 1773 nosti.
1107 1707 1185 1774 Hir-

164 1820 220 1862 rus
250 1819 323 1862 curn
350 1795 496 1862 Domitio
524 1798 560 1862 in
586 1797 691 1882 gratia
718 1801 776 1862 est.
823 1795 960 1862 Senatus
987 1798 1184 1883 consultum,

165 1886 253 1968 quod
278 1886 314 1951 hi
342 1887 489 1950 consules
517 1886 556 1950 de
578 1885 754 1968 provinciis
784 1885 941 1968 fecerunt,
971 1883 1182 1962 QVIOVMQVE

164 1991 325 2038 Posuisse
349 2011 401 2057 -,
424 1996 491 2039 non
512 1973 593 2038 mihi
615 1973 743 2038 videtur
766 1994 834 2037 esse
856 1973 1040 2038 valiturum.
1197 2000 1224 2039 ac

11 2076 121 2129 olxvss
134 2078 156 2128 2)
232 2059 282 2125 De
309 2061 462 2126 Messalla
488 2062 575 2144 quod
605 2061 746 2147 quaeris,
776 2060 854 2144 quid
883 2061 1036 2146 scribam,
1063 2062 1183 2127 nescio.

164 2147 352 2232 Numquam
379 2171 439 2235 ego
463 2150 529 2215 vidi
556 2153 625 2213 tam
651 2171 744 2232 pares
772 2149 968 2216 candidatos.
1012 2149 1183 2215 Messallae

164 2237 274 2319 copias
296 2238 394 2302 nosti.
422 2235 579 2302 Scaurum
596 2237 741 2302 Triarius
759 2259 851 2302 reum
872 2237 958 2302 fecit.
987 2236 1022 2301 Si
1046 2237 1183 2322 quaeris,

163 2325 254 2388 nulla
278 2329 327 2388 est
345 2347 464 2411 magno
483 2348 579 2409 opere
598 2329 759 2390 commota
777 2327 977 2410 συμπάθεια,
1000 2324 1056 2389 sed
1073 2329 1183 2390 tamen

163 2412 262 2477 habet
285 2413 432 2477 aedilitas
457 2414 525 2479 eius
547 2414 736 2479 memoriam
763 2435 832 2478 non
859 2413 1038 2498 ingratam,
1068 2417 1101 2477 et
1131 2418 1181 2478 est
1195 2439 1220 2480 aa

162 2500 290 2585 pondus
313 2501 399 2584 apud
420 2503 560 2567 rusticos
582 2503 618 2566 in
639 2502 743 2586 patris
765 2501 930 2566 memoria.
966 2499 1099 2584 Reliqui
1117 2502 1180 2567 duo

162 2588 282 2672 plebeii
314 2589 360 2654 sic
389 2595 624 2676 exaequantur,
654 2594 692 2654 ut
724 2587 889 2654 Domitius
920 2589 1026 2654 valeat
1060 2589 1180 2676 amicis,

164 2677 333 2741 adiuvetur
355 2682 465 2741 tamen
493 2700 561 2743 non
581 2680 664 2744 nibil
692 2678 877 2764 gratissimo
907 2699 1052 2761 munere,
1081 2677 1180 2742 Mem·

163 2765 248 2828 mius
272 2763 418 2830 Caesaris
447 2767 686 2831 commendetur
715 2766 890 2851 militibus,
917 2763 1051 2849 Pompei
1076 2764 1180 2830 Gallia

161 2853 296 2918 nitatur.
342 2852 466 2929 Quibus
490 2855 519 2918 si
540 2876 608 2919 non
628 2855 776 2939 valuerit,
798 2857 916 2938 putant
938 2853 1008 2918 fore
1031 2854 1179 2938 aliquem,
1192 2881 1219 2921 1ο

164 2941 220 3024 qui
249 2942 381 3006 comitia
410 2942 445 3005 in
479 2942 651 3006 adventum
682 2941 828 3007 Caesaris
863 2940 1026 3027 detrudat,
1061 2941 1179 3007 Catone

163 3030 355 3112 praesertim
378 3029 537 3095 absoluto.

12 3132 102 3183 'lm
116 3134 150 3182 1⁵>
231 3116 404 3182 Paccianae
434 3112 590 3202 epistulae
617 3119 777 3203 respondi.
826 3116 923 3182 Nunc
951 3121 985 3182 te
1015 3116 1179 3203 obiurgari

162 3209 286 3293 patere,
315 3207 344 3271 si
374 3207 452 3272 iure.
503 3204 625 3271 Scribis
655 3209 742 3272 enim
770 3207 805 3271 in
835 3228 872 3270 ea
901 3205 1055 3292 epistula,
1084 3227 1179 3289 quam

163 3294 196 3359 C.
219 3292 383 3360 Decimius
405 3296 486 3359 mihi
509 3295 647 3360 reddidit
670 3295 833 3359 Buthroto
858 3293 980 3379 datam,
1010 3294 1046 3358 in
1067 3292 1177 3359 Asiam
1189 3320 1215 3362 11

161 3383 225 3448 tibi
248 3384 388 3448 eundum
411 3406 480 3449 esse
507 3388 539 3448 te
570 3384 728 3447 arbitrari.
774 3382 858 3447 Mihi
887 3381 1067 3447 mehercule
1096 3383 1178 3447 nihil

161 3471 331 3537 videbatur
355 3495 437 3560 esse,
464 3473 586 3557 inquo
610 3471 774 3535 tantulum
796 3471 966 3536 interesset
989 3473 1100 3534 utrum
1123 3493 1177 3554 per
