2616 3884
146 177 213 241 210
467 176 504 230 M.
524 174 631 229 TULLI
650 174 838 231 CICERONIS

145 319 223 385 bani
249 320 363 385 volunt
349 324 414 404 tas,
443 341 523 403 quae
551 323 608 383 tua
636 319 820 384 coniectura
848 319 886 382 de
909 318 1079 382 rebust
1028 319 1079 382 fut
1080 317 1158 382 uris.

146 409 233 473 Haeo
256 409 352 473 velim
376 408 496 492 crebro,
521 412 553 472 et
577 406 690 491 quidt
676 407 738 471 tibi
761 407 799 470 de
822 407 1013 471 mulieribus
1036 409 1110 471 nost
1111 406 1158 470 ris

145 497 279 598 placeat,
302 502 334 561 et
353 497 430 581 quid
449 501 499 560 act
501 517 578 559 urus
596 495 667 580 ipse
686 497 740 581 sis,
764 495 892 559 scribas.
931 494 967 559 Si
985 495 1159 559 scriberem

145 586 224 671 ipse,
246 585 375 670 longior
398 585 541 668 epistula
555 584 680 667 fuisset,
657 584 759 648 tsed
778 584 896 648 dictavi
914 588 1046 666 propter
1064 582 1159 666 lippi-

146 674 298 738 tudinem.
1188 695 1201 736 s

608 845 694 911 XIV.

310 969 367 1026 Ser.
384 969 496 1024 0111111
514 987 540 1023 a.
555 969 581 1024 d.
602 969 647 1022 VI
661 969 698 1022 K.
714 968 795 1024 Febr.
811 988 836 1024 a.
853 973 908 1025 705
927 971 996 1038 (49).

466 1090 593 1146 010an
612 1091 743 1146 ATTICO
764 1091 837 1146 SAL.

113 1218 126 1265 1
214 1200 251 1264 Α
275 1200 305 1265 d.
327 1219 365 1266 VI
390 1199 462 1265 Kal.
486 1199 578 1264 Febr.
602 1198 746 1284 Capuam
778 1198 910 1266 Calibus
942 1199 1159 1286 proficiscens,

147 1309 219 1352 curn
237 1289 351 1353 leviter
368 1289 528 1375 lippirem,
545 1289 676 1352 haslitt
647 1293 747 1352 tteras
766 1289 845 1353 dedi.
880 1287 915 1352 L.
935 1286 1051 1354 Caesar
1069 1311 1158 1352 ruau-
1173 1315 1200 1353 ro

134 1374 386 1478 1(1111011111111
410 1378 526 1441 detulit
549 1378 589 1441 ad
606 1376 840 1460 Pompeiuma
856 1377 962 1441 dvm
979 1375 1061 1462 Kal,
1084 1399 1158 1442 cum

147 1465 175 1528 is
204 1469 288 1529 esset
311 1487 383 1530 cum
406 1465 591 1530 consulibus
615 1465 722 1529 Teani.
766 1464 908 1529 Probata
930 1465 1148 1529 condiciot
1098 1470 1158 1550 est,
1259 1523 1265 1536 ,

148 1553 256 1618 sedit
230 1557 289 1640 lta,
315 1558 353 1618 ut
382 1554 437 1618 ille
460 1554 542 1617 11’
521 1576 561 1617 us
585 1554 725 1638 oppidis,
752 1575 833 1636 quae
857 1557 947 1617 11111
970 1575 1062 1618 suam
1084 1576 1157 1638 pro-

148 1641 285 1706 vinciam
317 1642 551 1725 occupavisset,
583 1642 741 1725 praesidia
768 1641 944 1705 deduceret.
994 1640 1031 1705 Ι1
1059 1642 1087 1706 si
1113 1642 1156 1705 fe

148 1729 253 1814 cisset,
283 1753 472 1814 responsum
496 1733 544 1793 est
568 1729 607 1792 ad
629 1729 742 1794 urbem
764 1751 823 1793 nos
847 1729 1008 1794 redituros
1030 1751 1100 1793 esse
1123 1735 1157 1793 et
1171 1756 1198 1796 15

148 1839 216 1882 rem
243 1841 301 1902 per
328 1821 475 1883 senatum
503 1818 712 1882 confecturos.
759 1815 859 1901 Spero
886 1839 980 1900 posse
1006 1817 1041 1881 in
1068 1840 1157 1900 prae-

149 1907 252 1972 seutia
270 1928 381 1991 pacem
398 1928 458 1970 nos
476 1905 607 1991 habere,
629 1928 704 1969 nam
723 1908 756 1970 et
772 1905 867 1969 illum
884 1906 1002 1970 furoris
1021 1909 1053 1970 11
1070 1905 1156 1970 huno

114 2013 129 2059 a
148 1999 297 2060 nostrum
320 1995 483 2079 copiarum
503 1994 714 2078 suppaenitct.
750 1992 803 2057 Me
821 1992 993 2076 Pompeius
1012 1991 1155 2078 Capuam

148 2083 255 2147 venire
278 2083 382 2147 voluit
405 2087 436 2147 et
461 2082 609 2146 adiuvare
631 2082 794 2165 dilectum,
817 2082 853 2145 in
872 2104 935 2165 quo
954 2105 1067 2165 parum
1084 2104 1156 2165 pro·

147 2170 212 2234 1111
234 2172 427 2254 respondent
445 2169 600 2253 Campani
622 2169 735 2235 coloni.
780 2167 981 2234 Gladiatores
1002 2168 1198 2256 Caesariano

149 2258 205 2341 qui
232 2256 358 2342 Capuae
391 2262 479 2344 sunt,
451 2259 549 2323 tde
582 2258 699 2341 quibus
731 2261 806 2322 aute
773 2258 940 2322 11111
970 2259 1088 2323 falsum
1116 2281 1155 2322 11

147 2344 431 2447 A3Torquatit
335 2311 511 2412 tlitteiis
539 2347 741 2432 scripseram,
769 2367 845 2411 sane
872 2347 1036 2411 commode
1062 2345 1156 2410 Pom-

171 2433 238 2498 eius
275 2434 441 2500 distribuit
471 2435 565 2500 binos
602 2435 738 2519 singulis
772 2438 828 2518 pat
814 2435 919 2498 tribus
951 2435 1156 2501 familiarum.

147 2457 225 2587 deur
211 2524 320 2585 torum
350 2522 385 2586 in
415 2523 490 2588 ludo
522 2541 577 2591 100
609 2523 749 2588 fuerunt.
798 2522 1011 2606 Eruptiouem
1038 2523 1103 2587 fact
1089 2524 1156 2587 turi

147 2609 247 2673 fuisse
279 2609 472 2676 dicebantur.
523 2609 606 2675 Sane
637 2611 777 2676 multum
807 2611 843 2675 in
871 2632 907 2676 eo
929 2611 982 2676 rei
1009 2611 1156 2695 publicae
1170 2636 1198 2678 aa

148 2697 313 2781 provisum
336 2701 393 2763 est.

113 2804 129 2851 3
215 2783 264 2850 De
292 2787 481 2850 mulieribus
505 2787 641 2873 nostris,
671 2789 706 2852 in
738 2787 856 2871 quibus
889 2792 938 2852 est
970 2791 1026 2851 tua
1049 2807 1156 2873 soror,

149 2894 266 2958 quaeso
289 2874 406 2958 videas,
428 2879 466 2938 ut
489 2876 567 2940 satis
590 2875 763 2940 honestum
784 2875 880 2940 nobis
900 2877 943 2941 sit
962 2896 1015 2940 eas
1033 2873 1157 2939 Romae

149 2983 227 3049 esse,
245 2983 318 3026 oum
331 2967 453 3027 ceterae
466 2963 523 3026 illa
537 2964 694 3048 dignitate
708 2963 921 3028 discesserint.
955 2962 1028 3028 Hoc
1041 2963 1156 3046 scripsi

149 3050 188 3114 ad
218 3071 270 3114 eas
298 3054 330 3114 11
316 3051 439 3115 1111
425 3055 457 3114 11
485 3051 591 3152 ipsum
621 3056 676 3116 ant
678 3073 722 3117 ea.
767 3051 876 3117 Velim
903 3073 956 3116 eas
979 3049 1092 3116 cohort
1078 3055 1156 3136 t,ere
1169 3077 1198 3118 ao

148 3142 186 3202 ut
209 3142 332 3225 exeant,
354 3139 542 3223 praesertim
566 3162 639 3204 cum
661 3163 698 3204 ea
720 3140 876 3242 praedia'
866 3162 902 3203 rn
921 3161 976 3204 ora
993 3139 1157 3204 maritima

148 3226 336 3313 habeamus,
363 3228 440 3311 quoi
467 3247 526 3312 ego
554 3249 718 3314 praesum,
743 3229 817 3293 ut'
808 3252 843 3293 m
868 3228 909 3294 iis
936 3250 995 3313 pro
1023 3249 1057 3292 re
1080 3231 1157 3291 nata

149 3337 215 3380 non
232 3315 429 3380 incommode
447 3315 573 3400 possint
593 3337 669 3380 esse.
706 3280 802 3403 Nam,
824 3318 852 3381 si
871 3317 948 3401 quid
966 3315 1155 3382 offendimus

148 3404 184 3468 in
206 3424 322 3488 genero
344 3409 467 3490 nostro,
491 3405 578 3506 quod
599 3404 729 3488 quidem
754 3425 814 3490 ego
837 3409 999 3489 praestare
1021 3426 1088 3469 non
1106 3404 1156 3468 de·

149 3492 218 3577 beo,
241 3493 327 3578 †sed
349 3493 382 3558 id
404 3494 442 3557 fit
463 3492 576 3579 maius,
600 3493 686 3576 quod
708 3495 858 3558 mulieres
881 3498 1010 3558 nostrae
1029 3495 1157 3577 praeter
1170 3517 1199 3560 aa
