2564 3880
273 1005 331 1088 M.
355 1005 547 1088 TULLI
572 1003 914 1088 CICERONIS

218 1181 604 1256 EPISTULARUM
631 1181 701 1254 ΑΙ)
730 1181 974 1256 Arrlouu

303 1353 437 1420 urana
461 1353 653 1432 coluros
677 1352 883 1420 anemos.
1022 1313 1024 1318 ’

513 1534 674 1542 ——-—-

582 1654 607 1720 Ι.

53 1787 66 1827 5
223 1775 280 1831 Ser.
296 1775 500 1832 iaPateotaao
519 1777 600 1831 XVI
615 1777 875 1832 Kal.1aa.a.710
895 1779 963 1845 (44).

407 1898 535 1954 CICERO
554 1899 687 1954 ATTICO
707 1900 781 1956 SAL.

151 2005 180 2072 O
199 2008 321 2072 factum
339 2009 421 2072 male
440 2009 479 2072 de
498 2006 668 2072 Alexione!
692 2007 884 2073 Incredibile
903 2013 962 2089 est,
980 2013 1103 2093 quanta
1122 2027 1136 2075 1

82 2118 135 2161 me
158 2097 309 2160 molestia
332 2097 492 2181 adfecerit,
515 2116 574 2160 nec
596 2097 777 2162 mehercule
800 2119 839 2161 ex
863 2119 900 2161 ea
923 2101 1014 2180 parte
1037 2120 1102 2161 ma

83 2187 179 2268 xime,
203 2185 290 2268 quod
312 2185 458 2268 plerique
481 2207 620 2249 mecum:
659 2184 724 2248 ‘Ad
747 2207 843 2269 quem
865 2186 967 2270 igitur
985 2189 1018 2249 te
1035 2207 1102 2248 me-

42 2300 69 2337 10
84 2274 193 2337 dicum
225 2273 401 2337 conferes?’
442 2272 524 2348 Quid
556 2273 638 2338 mihi
670 2273 735 2338 iam
768 2274 914 2338 medico?
959 2272 1042 2359 Aut,
1074 2273 1102 2336 si

85 2383 167 2446 opus
187 2365 245 2447 est,
267 2365 359 2424 tanta
377 2361 486 2444 inopia
505 2363 577 2426 est?
609 2361 764 2426 Amorem
783 2383 859 2446 erga
878 2384 938 2446 me,
955 2361 1102 2425 humani-

84 2454 188 2514 tatem
211 2450 468 2533 suavitatemque
492 2449 646 2515 desidero.
683 2449 795 2514 Etiam
812 2450 902 2514 illud.
940 2448 1024 2526 Quid
1043 2453 1102 2533 est,

85 2539 172 2622 quod
199 2559 266 2601 non
292 2538 583 2621 pertimescendum
610 2539 667 2624 sit,
694 2560 768 2602 cum
794 2539 960 2603 hominem
982 2542 1102 2622 tempe-

84 2630 225 2710 rantem,
254 2648 416 2690 summum
443 2626 603 2690 medicum
630 2631 742 2691 tantus
775 2627 941 2710 inproviso
968 2627 1102 2691 morbus

44 2739 70 2779 15
87 2714 307 2798 oppresserit?
345 2713 407 2778 Sed
437 2713 477 2778 ad
503 2714 582 2778 haec
610 2715 718 2779 omnia
745 2737 809 2778 una
837 2715 1015 2780 consolatio
1045 2719 1104 2797 est,

86 2803 174 2887 quod
195 2824 232 2866 ea
254 2802 440 2868 condicione
462 2803 532 2865 neti
555 2825 676 2886 sumus,
699 2806 736 2866 ut
756 2803 849 2889 nihil,
873 2803 960 2887 quod
977 2803 1103 2867 homini

86 2891 227 2957 accidere
251 2891 365 2975 possit,
388 2912 534 2955 recusare
558 2890 739 2955 debeamus.

152 2978 202 3044 De
224 2976 369 3042 Antonio
397 2979 462 3043 iam
492 2982 587 3042 antea
614 2980 676 3042 tibi
705 2979 819 3063 scripsi
846 3003 913 3044 non
936 3003 1006 3045 esse
1029 2997 1138 3044 cuma

86 3090 105 3131 a
122 3089 174 3132 me
193 3070 393 3131 conventum.
425 3066 524 3131 Venit
543 3067 630 3131 enim
643 3067 814 3153 Misenum,
829 3091 901 3132 eum
921 3090 979 3154 ego
1000 3090 1103 3132 essem

46 3181 72 3218 so
86 3156 121 3220 in
138 3155 344 3238 Pompeiano.
381 3154 460 3219 Inde
479 3159 553 3219 ante
573 3156 736 3239 profectus
757 3161 815 3240 est,
834 3179 931 3240 quam
951 3177 1009 3238 ego
1030 3178 1102 3219 eum

86 3244 211 3307 venisse
235 3244 380 3327 cognovi.
418 3241 480 3306 Sed
503 3265 589 3328 casu,
612 3266 685 3308 eum
708 3246 848 3330 legerem
870 3248 943 3307 tuas
967 3244 1102 3328 litteras,

86 3331 215 3395 Hirtius
243 3335 312 3395 erat
340 3331 426 3415 apud
452 3354 504 3396 me
531 3332 566 3396 in
593 3331 780 3397 Puteolano.
826 3332 868 3396 Ili
896 3331 961 3417 legi
985 3335 1017 3394 et
1042 3332 1101 3416 egi.

86 3419 232 3484 Primum
256 3419 343 3503 quod
365 3419 525 3502 †attinet,
552 3419 635 3483 nihil
658 3421 740 3483 mihi
763 3419 966 3504 concedebat,
990 3418 1104 3482 deinde

87 3509 128 3573 ad
156 3529 315 3572 summam
343 3508 501 3572 arbitrum
528 3529 580 3571 me
610 3508 774 3572 statuebat
796 3528 863 3571 non
885 3507 981 3571 modo
1005 3506 1103 3570 huius
