2616 3884
281 125 536 181 EPISTULARUM
554 127 603 180 AD
622 126 785 180 11111111
803 126 854 180 VH
875 133 985 181 11-13.
1069 127 1135 191 207

127 269 204 338 Non
227 270 387 334 deterreor
409 269 560 353 periculo,
589 268 643 332 sed
666 269 830 352 dirumpor
853 267 969 334 dolore.
1015 269 1137 332 Tamne

74 401 77 405 ι
128 358 218 422 nullo
247 358 380 421 consilio
409 361 464 421 aut
491 361 558 421 tam
586 360 698 420 contra
719 378 827 421 meum
851 357 1020 420 consilium
1042 361 1136 442 gesta

131 468 198 510 esse
222 445 341 509 omnia!
373 444 427 509 An
450 448 578 509 cuncter
601 448 634 508 et
656 445 849 529 tergiverser
871 447 903 508 et
925 445 966 508 iis
985 466 1036 509 me
1055 445 1136 529 dem,

131 535 186 618 qui
208 537 329 618 tenent,
352 533 407 616 qui
429 533 620 615 potiuntur?
657 532 835 617 ‘Aldiopcu
859 533 987 618 Tpaug’
1010 553 1134 596 111010-

10 699 13 714 ,
105 623 198 689 slum
220 622 308 706 civis,
331 621 386 684 sed
404 621 501 684 etiam
519 620 613 684 amici
631 621 737 685 officio
756 641 900 706 revocor,
923 621 985 685 etsi
1002 621 1134 704 frangor

132 731 224 793 saepe
255 709 473 773 misericordia
504 730 685 793 puerorum.
734 707 780 771 Ut
810 709 911 792 igitur
939 709 985 772 ita
1011 712 1170 792 pertun-4

131 799 221 881 bato,
249 797 311 862 etsi
337 799 370 860 11
393 797 503 861 endem
526 796 709 880 sollicitant,
738 796 840 861 scribe
863 796 994 882 aliquid,
1016 801 1048 860 et
1070 818 1135 860 ma-

130 887 230 970 xime,
257 885 284 949 si
310 883 481 967 Pompeius
505 882 601 948 Italia
628 885 724 968 cedit,
756 885 833 968 quid
859 885 954 948 nobis
977 884 1135 968 agendum

131 978 233 1057 putes.
282 972 334 1036 Μ’.
358 972 486 1056 quidem
507 971 646 1056 Lepidus
679 969 775 1060 (nam
801 973 921 1036 fuimus
948 971 1031 1059 una)
1064 993 1137 1036 eum

92 1090 119 1129 10
131 1063 228 1126 finem
256 1060 383 1143 statuit,
410 1059 445 1124 L.
468 1060 650 1143 Torquatus
677 1060 819 1125 eundem.
864 1060 1012 1124 Mecum
1034 1060 1138 1123 multa

132 1153 203 1213 tum
235 1148 332 1212 etiam
360 1148 489 1213 lictores
522 1148 708 1232 impediunt.
758 1146 851 1212 Nihil
882 1148 948 1212 vidi
976 1169 1138 1232 umquam,

134 1237 219 1321 quod
250 1236 355 1300 minus
387 1235 540 1326 explicari
566 1239 683 1319 posset.
732 1235 846 1319 Itaque
873 1258 892 1299 a
919 1240 952 1299 11
976 1236 1137 1300 nihildum

134 1325 214 1390 certi
237 1325 378 1409 exquiro,
401 1325 456 1411 sed
479 1324 556 1407 quid
576 1324 730 1388 videatur.
767 1322 914 1407 Denique
937 1323 1040 1407 ipsam
1060 1324 1137 1388 0111

135 1417 212 1499 ρίαν
238 1417 328 1477 tuam
355 1413 447 1496 cupio
477 1432 675 1496 cognoscere.
720 1411 898 1475 Labienum
928 1411 967 1475 ab
995 1412 1173 1476 11101115

10 1511 12 1562 l
94 1527 121 1569 15
136 1501 267 1566 cessisse
293 1521 394 1584 prope
420 1500 550 1564 modum
578 1503 712 1564 constat.
760 1498 794 1564 Si
822 1500 869 1563 ita
895 1499 1016 1562 facturn
1044 1502 1138 1581 esset,

134 1595 171 1653 ut
193 1590 248 1653 ille
265 1587 411 1652 1101111111,
425 1588 555 1652 veniens
574 1587 783 1672 magistratus
802 1591 834 1650 et
853 1590 999 1650 senatum
1016 1584 1140 1651 Romae

135 1677 324 1761 offenderet,
346 1697 462 1762 magno
490 1676 565 1739 usui
592 1697 704 1740 causae
727 1678 856 1739 nostrae
879 1675 1002 1738 fuisset.
1042 1672 1139 1736 Dam-

134 1786 229 1830 nasse
270 1764 354 1828 enim
389 1763 517 1828 sceleris
548 1763 711 1827 hominem
744 1762 881 1827 amicum
915 1761 962 1825 rei
992 1760 1141 1844 publicae

136 1873 230 1917 causa
252 1853 423 1935 videretur,
446 1851 531 1935 quod
553 1872 638 1915 nuno
656 1872 784 1934 quoque
802 1850 937 1934 videtur,
961 1849 1015 1912 sed
1033 1848 1141 1912 minus

10 1949 19 1971 '
96 1971 123 2009 11
136 1941 273 2024 prodest.
309 1939 386 2004 Non
408 1940 494 2002 1111111
511 1939 619 2022 habet,
642 1939 693 2003 cui
710 1938 823 2022 prosit,
847 1958 982 2021 eumque
1000 1936 1142 2000 arbitror

136 2029 310 2112 paenitere,
336 2027 400 2092 nisi
426 2028 510 2092 forte
538 2027 572 2090 id
599 2027 706 2110 ipsum
729 2030 778 2090 est
800 2026 932 2110 falsum,
959 2024 1142 2089 discessisse
1210 2067 1211 2070 ¹

136 2118 237 2182 illum.
282 2114 352 2180 Nos
376 2115 503 2198 quidem
525 2136 584 2198 pro
608 2119 694 2178 certo
717 2114 921 2178 habebamus.

202 2204 248 2268 Et
269 2203 379 2287 velim,
407 2223 613 2286 quamquam,
641 2206 678 2266 ut
701 2202 825 2287 scribis,
848 2200 1029 2264 domesticis
1051 2203 1084 2263 te
1107 2199 1142 2262 fi·
1161 2214 1178 2262 6

137 2293 232 2357 nibus
272 2295 377 2375 tenes,
416 2292 554 2355 formam
589 2290 669 2354 mihi
706 2290 796 2354 urbis
833 2310 986 2374 exponas,
1021 2287 1143 2371 ecquod

97 2407 125 2449 11
138 2380 270 2464 Pompei
297 2378 502 2464 desiderium,
529 2399 645 2461 ecquae
668 2376 813 2442 Caesaris
841 2377 960 2441 invidia
982 2379 1144 2460 appareat,

139 2470 236 2533 etiam
259 2468 336 2551 quid
359 2488 487 2530 censeas
510 2466 549 2530 de
571 2466 721 2530 Terentia
744 2470 776 2529 et
798 2465 917 2548 Tullia,
944 2463 1066 2528 Romae
1089 2485 1144 2527 eas

140 2578 208 2622 esse
231 2579 272 2620 an
294 2576 418 2619 mecum
441 2576 482 2618 111
505 2555 612 2637 aliquo
635 2557 708 2618 tuto
731 2553 811 2618 loco.
848 2552 935 2616 Haec
958 2556 990 2616 et
1014 2551 1042 2615 si
1066 2550 1143 2634 quid

140 2644 227 2709 aliud
249 2644 288 2708 ad
310 2665 362 2706 me
385 2642 505 2706 scribas
527 2641 625 2706 velim
646 2643 698 2705 vel
721 2642 836 2725 potius
855 2640 1024 2723 scriptites.

598 2813 686 2879 XIII.

99 2954 127 2994 ao
318 2939 374 2994 Ser.
390 2939 550 2993 Menturnis
567 2937 617 2990 IX
633 2936 671 2991 K.
686 2935 766 2990 Febr.
783 2953 808 2989 1.
825 2938 879 2990 705
898 2937 966 3002 (49).

459 3058 585 3115 CICERO
605 3057 736 3113 ATTICO
756 3057 828 3112 SAL.

207 3171 256 3236 De
283 3169 502 3236 Vennonianis
533 3169 629 3232 rebus
661 3167 723 3231 tibi
755 3165 919 3231 assentior.
969 3161 1181 3227 Labienuml

141 3261 234 3346 ἥρωα
265 3259 377 3322 iudico.
430 3256 566 3321 Facinus
596 3256 661 3319 iam
693 3255 746 3318 diu
777 3253 903 3317 nullum
934 3251 1026 3316 civile
1058 3271 1147 3333 prae

142 3349 274 3431 clarius,
298 3347 370 3431 qui,
396 3350 435 3409 ut
457 3344 543 3408 aliud
565 3344 657 3428 nihil,
678 3343 739 3406 hoc
762 3346 869 3405 tamen
891 3339 1036 3424 profecit,
1060 3337 1147 3401 dedit

101 3463 128 3506 ss
142 3437 193 3502 illi
220 3436 370 3501 dolorem.
418 3432 480 3498 Sed
509 3432 607 3496 etiam
634 3431 673 3494 ad
701 3451 858 3494 summam
884 3426 1064 3510 profectum
1092 3425 1148 3487 ali-
