2568 3888
259 183 520 238 EPISTULARUM
536 184 587 238 AD
606 184 770 239 ATTICUM
788 185 801 238 Ι
820 191 915 240 9-11.
1056 187 1096 250 11

76 327 172 410 quod
196 349 286 391 soror
312 348 494 412 praegnans
523 332 580 392 est.
626 327 676 393 De
704 329 844 393 comitiis
872 329 952 393 meis
979 333 1011 393 et
1034 330 1133 396 tibi6

76 438 134 479 me
164 416 344 498 permisisse
370 417 515 502 memini,
543 421 576 480 et
603 437 663 502 ego
692 417 757 481 iam
784 416 908 501 pridem
929 417 993 482 hoc
1015 439 1098 482 com-

75 504 231 568 munibus
260 505 386 590 amicis,
413 505 469 588 qui
495 509 529 568 te
557 509 759 591 exspectant,
786 506 948 591 praedico,
975 509 1008 569 te
1031 528 1099 570 non

75 592 178 656 modo
195 614 261 656 non
279 593 398 657 arcessi
417 615 436 656 a
454 615 514 678 me,
538 593 593 656 sed
611 593 787 678 prohiberi,
806 593 892 676 quod
910 593 1098 678 intellegam

48 681 184 745 smulto
215 682 320 765 magis
352 681 507 746 interesse
537 685 594 745 tua
621 685 654 745 te
682 702 789 766 agere,
822 682 909 765 quod
938 683 1098 766 agendum

75 769 194 850 †esset
228 770 291 833 hoc
323 772 482 855 tempore,
515 791 611 853 quam
641 791 714 834 mea
746 774 778 834 te
807 769 917 834 adesse
947 770 1096 834 comitiis.

76 855 217 922 Proinde
250 879 288 922 eo
320 857 428 921 animo
460 861 493 921 te
520 857 617 921 velim
647 879 731 944 esse,
763 858 856 941 quasi
883 859 946 922 mei
972 858 1097 943 negotii

76 967 176 1009 causa
193 946 229 1009 in
245 946 311 1009 ista
329 946 400 1010 loca
418 945 536 1010 missus
554 967 652 1031 esses3
672 951 847 1010 meantem
865 968 938 1010 eum
953 950 985 1010 et
1000 947 1097 1011 offen·

77 1033 135 1097 des
160 1055 235 1118 erga
257 1037 291 1097 te
314 1037 347 1098 et
366 1034 486 1118 audies,
509 1035 601 1117 quasi
619 1034 710 1119 mihi,
733 1034 762 1098 si
781 1056 862 1118 quae
880 1039 974 1119 parta
993 1038 1097 1120 erunt,

38 1147 63 1184 ro
75 1143 147 1185 non
162 1122 258 1186 modo
278 1125 312 1185 te
329 1127 508 1208 praesente,
531 1123 588 1186 sed
605 1144 664 1206 per
680 1126 713 1185 te
732 1126 826 1204 parta
849 1123 923 1187 sint.
955 1122 1097 1188 Tulliola

77 1210 142 1274 tibi
164 1210 248 1274 diem
272 1209 338 1296 dat,
361 1231 550 1294 sponsorem
572 1231 621 1275 ore
643 1211 793 1294 appellat.

560 1385 615 1450 XI.

252 1506 310 1562 Ser.
331 1505 435 1562 sonae
455 1505 548 1576 Quint.
568 1507 753 1563 caldecota.
774 1510 831 1562 687
850 1510 920 1576 (67).

400 1628 529 1684 cronno
547 1629 680 1684 Anarco
700 1601 775 1684 sin.

42 1760 64 1801 u
143 1737 189 1801 Et
211 1759 285 1801 mea
308 1742 424 1821 sponte
446 1737 603 1802 faciebam
626 1741 720 1802 antea
743 1741 869 1821 etpost
888 1737 1012 1802 duabus
1032 1739 1096 1821 epi·
1116 1756 1131 1804 1

80 1825 174 1889 stulis
201 1826 268 1889 tuis
298 1825 527 1910 perdiligenter
553 1826 589 1889 in
621 1827 753 1890 eandem
780 1826 939 1890 rationem
967 1826 1096 1909 scriptis

78 1935 195 2014 magno
225 1935 333 2065 opgrpl
350 1935 421 2015 sum
444 1918 633 1978 commotus.
679 1915 730 1979 Eo
754 1914 923 2015 accedebat
945 1913 1097 2016 hortator

78 2001 319 2154 {illudat
333 2006 530 2155 “liutadi
559 2023 687 2154 titt-2³
711 2024 816 2175 §tt
848 2002 1096 2155 tltlttht

45 2175 154 2265 aSed,
182 2200 256 2242 oum
279 2177 387 2242 omnia
409 2178 570 2264 fecissem,
591 2201 659 2243 non
680 2179 776 2242 modo
801 2200 871 2242 eam
893 2178 1097 2244 voluntatem

78 2267 156 2352 eius,
179 2288 262 2351 quae
281 2266 387 2330 fuerat
405 2287 482 2351 erga
499 2271 542 2352 te,
564 2288 752 2351 recuperare
769 2288 837 2330 non
859 2267 962 2353 potui,
984 2289 1096 2332 verum

77 2373 115 2418 ne
129 2377 262 2419 causam
277 2354 405 2438 quidem
419 2355 532 2419 elicere
545 2355 735 2420 immutatae
743 2356 932 2420 voluntatis.
954 2354 1097 2419 Tametsi

77 2441 176 2508 iactat
203 2443 258 2506 ille
287 2442 415 2527 quidem
441 2443 524 2507 illud
551 2465 645 2508 suum
673 2443 845 2507 arbitrium
870 2448 902 2507 et
930 2465 980 2528 ea,
1014 2465 1096 2527 qnae

78 2530 141 2594 iem
159 2535 241 2616 tum,
264 2552 337 2594 cum
356 2531 467 2596 aderas
500 2531 659 2596 offendere
678 2531 747 2595 eius
767 2531 910 2595 animum
931 2531 1096 2617 intellege·

44 2618 165 2705 erbam,
193 2623 304 2682 tamen
329 2618 428 2683 habet
459 2585 611 2703 duiddam
636 2619 797 2705 profecto,
825 2619 911 2703 quod
933 2620 1037 2704 magis
1060 2619 1097 2684 in

79 2709 185 2772 animo
209 2708 279 2771 eius
301 2706 464 2792 insederit,
489 2708 574 2791 quod
596 2729 701 2791 neque
724 2703 881 2792 epistulae
900 2711 974 2772 tuae
991 2729 1096 2793 neque

78 2800 190 2860 nostra
217 2795 377 2879 adlegatio
406 2799 474 2860 tam
500 2800 610 2879 potest
641 2795 735 2860 facile
765 2796 877 2860 delere,
929 2794 1032 2872 Quam
1058 2799 1098 2860 tu

78 2904 228 2964 praesens
259 2905 328 2948 non
357 2883 453 2948 modo
482 2885 641 2969 oratione,
674 2883 730 2948 sed
756 2888 814 2949 tuo
844 2884 939 2948 vultu
966 2884 1024 2948 illo
1051 2884 1097 2948 fa

79 2972 196 3036 miliari
218 2971 329 3056 tolles,
357 2971 384 3036 si
407 2972 502 3036 modo
530 2973 615 3036 tanti
637 2972 779 3057 putaris,
806 2972 841 3036 id
864 2972 965 3057 quod,
995 2972 1096 3037 sime

44 3080 68 3121 a
81 3060 188 3124 audies
221 3063 255 3124 et
288 3060 316 3124 si
347 3059 544 3125 humanitati
576 3065 651 3124 tuae
684 3063 833 3125 constare
869 3060 974 3146 voles,
1011 3064 1097 3125 certe

80 3147 215 3229 putabis.
268 3146 331 3234 Ac,
361 3169 402 3212 ne
434 3148 517 3212 illud
547 3149 676 3233 mirere,
709 3170 780 3233 cur,
812 3169 885 3212 cum
913 3168 973 3233 ego
1002 3151 1097 3212 autea

81 3235 286 3321 significarim
304 3235 368 3301 tibi
385 3258 442 3320 per
460 3236 586 3300 litteras
600 3258 652 3300 me
671 3258 799 3320 sperare
818 3237 912 3300 illum
930 3238 966 3300 in
983 3239 1097 3300 nostra

81 3328 238 3405 potestate
265 3325 348 3408 fore,
374 3346 461 3388 nunc
483 3324 568 3388 idem
590 3325 700 3389 videar
724 3324 883 3409 diffidere,
908 3323 1096 3388 incredibile

82 3417 139 3498 est,
167 3416 288 3498 quanto
317 3413 398 3476 mihi
425 3413 572 3477 videatur
601 3413 690 3477 illius
718 3413 869 3476 voluntas
899 3411 1096 3476 obstinatior

47 3503 109 3563 set
134 3501 172 3566 in
196 3501 257 3566 hac
284 3500 450 3566 iracundia
479 3501 679 3566 offirmatior.
727 3498 790 3564 Sed
814 3500 893 3565 haec
921 3503 977 3563 aut
1006 3519 1098 3562 sana·
