2560 3880
225 143 481 198 EPISTULARUM
499 145 548 198 AD
567 144 730 199 ATTIOUM
746 143 798 198 XV
818 150 951 200 14-1ca.
1026 145 1091 210 481

80 285 226 370 impedit.
271 284 370 370 Nam,
397 305 468 349 cum
497 307 536 349 ex
563 286 710 371 reliquis,
733 308 814 369 quae
841 284 945 350 Nonis
971 283 1092 368 Aprili-

81 375 144 438 bus
167 375 256 454 fecit,
285 373 446 437 abundare
469 372 613 458 debeam,
640 394 738 458 cogor
759 374 915 458 mutuari,
942 373 1092 457 quodque

81 485 122 526 ex
145 462 219 526 istis
242 461 416 524 fructuosis
439 460 535 524 rebus
559 465 722 544 receptum
741 464 800 546 est,
822 460 855 524 id
874 481 933 544 ego
952 461 993 524 ad
1011 460 1092 524 illud

80 550 194 612 fanum
218 549 395 632 sepositum
416 548 579 631 putabam.
617 547 679 612 Sed
701 547 779 612 hacc
801 547 912 612 Tironi
934 548 1092 634 mandavi,

52 658 181 721 aquem
204 636 245 700 ob
269 658 339 700 eam
362 657 491 700 causam
513 635 651 700 Romam
672 635 761 720 misi,
793 639 826 700 tc
847 635 940 700 nolui
961 635 1091 718 impedi·

81 729 155 788 tum
182 724 342 806 impedire.
388 720 499 787 Cicero
526 727 637 787 noster
665 745 728 807 quo
755 723 931 788 modestior
959 727 1021 809 est,
1053 742 1126 790 eos

80 833 134 876 me
166 812 269 896 magis
296 814 481 874 commovet.
526 809 579 874 Ad
604 833 655 875 me
684 811 768 875 enim
796 811 835 874 dc
860 811 921 874 hac
947 833 981 874 re
1007 809 1091 874 nihil

82 899 222 983 scripsit,
241 898 280 962 ad
304 919 399 981 quem
421 897 574 962 nimirum
591 899 797 981 potissimum
815 897 939 982 debuit3
962 898 1091 981 scripsit

80 988 145 1050 hoc
167 990 275 1050 autem
298 985 337 1049 ad
360 984 520 1070 Tironem,
545 985 607 1049 sibi
629 988 705 1069 post
726 986 858 1050 Kalend.
877 984 1006 1070 Apriles
1030 983 1091 1072 (sic

35 1101 66 1138 ιο
82 1075 171 1138 enim
193 1095 335 1163 annuum
358 1077 485 1156 tempus
503 1071 632 1160 confici)
654 1073 737 1137 nihil
761 1073 870 1136 datum
893 1095 969 1138 esse.
1016 1072 1090 1137 Tibi

81 1182 142 1245 pro
166 1165 223 1225 tua
244 1165 360 1225 natma
380 1181 503 1244 semper
521 1161 679 1244 placuisse
696 1165 792 1244 teque
811 1161 1012 1225 existimasse
1029 1161 1090 1244 †id

81 1250 181 1313 etiam
211 1249 250 1312 ad
278 1248 469 1333 dignitatem
495 1270 599 1313 meam
625 1249 786 1332 pertinere
812 1270 884 1312 eum
905 1270 972 1313 non
993 1249 1089 1312 modo

79 1336 259 1400 liberaliter
293 1358 312 1399 a
346 1336 454 1420 nobis,
493 1335 548 1400 sed
585 1337 682 1399 ctiam
716 1339 828 1399 ornate
868 1336 1091 1419 cumulateque

80 1425 222 1488 tractari.
264 1423 369 1499 Quare
390 1418 487 1487 velim
510 1444 601 1488 cures
623 1422 696 1509 (nec
718 1424 779 1487 tibi
802 1444 905 1486 essem
926 1423 1092 1508 molestus,

38 1536 66 1576 15
82 1513 111 1576 si
133 1533 192 1595 per
214 1511 313 1575 alium
335 1511 397 1575 hoc
420 1531 513 1595 agere
535 1509 688 1598 possem),
710 1515 748 1574 ut
770 1513 970 1594 permutetur
992 1509 1091 1574 Athe-

80 1621 154 1684 nas,
183 1599 268 1682 quod
296 1599 339 1662 sit
366 1599 400 1662 in
422 1620 563 1662 annuum
586 1603 750 1682 sumptum
773 1599 810 1662 ei.
856 1597 984 1662 Scilicet
1006 1597 1090 1661 Eros

79 1687 273 1751 numerabit.
323 1685 404 1750 Eius
436 1685 483 1750 rei
515 1708 610 1750 causa
641 1686 792 1750 Tironem
822 1686 904 1749 misi.
956 1683 1090 1749 (iurabis

80 1775 184 1860 igitur
207 1778 240 1839 et
263 1773 303 1839 ad
325 1795 392 1860 me,
414 1774 442 1838 si
465 1774 542 1856 quid
564 1775 626 1838 tibi
649 1774 687 1838 de
709 1795 747 1838 co
769 1772 940 1860 videbitur,
963 1773 1090 1866 scribes.

542 1929 629 1995 XVI
732 1927 736 1934 ’

40 2063 67 2101 2⁰
189 2050 248 2106 Ser.
261 2053 294 2105 ia
311 2051 423 2160 Actiatp'
439 2052 496 2105 III
509 2057 559 2106 cut
573 2052 648 2120 prid.
661 2051 706 2106 Id.
720 2052 785 2106 Iam.
800 2069 826 2105 a.
843 2054 897 2106 710
915 2053 983 2119 (44).

305 2179 308 2184 '
385 2173 529 2229 CICERO
546 2173 690 2228 ATTICO
709 2173 791 2228 SAL.

150 2280 292 2344 Tandem
314 2303 334 2344 a
355 2279 506 2345 Cicerone
529 2281 726 2367 tabellarius,
749 2284 781 2344 ct
804 2280 984 2344 mehercule
1006 2281 1090 2344 litte-

81 2391 136 2434 rae
164 2367 397 2452 πεπινωμένως
425 2369 575 2454 scriptae,
603 2368 688 2452 quod
714 2369 820 2451 ipsum
842 2369 1013 2451 προκοπὴν
1036 2368 1092 2432 ali-

83 2479 180 2540 quam
217 2456 391 2543 significat,
426 2457 566 2540 itemque
602 2456 699 2520 ceteri
735 2455 896 2539 praeclara
932 2456 1091 2541 scribunt,

43 2568 68 2609 a
82 2543 240 2609 Leonides
269 2547 378 2608 tamen
406 2544 523 2607 retinet
552 2564 646 2606 suum
677 2543 758 2607 illud
788 2542 925 2629 ‘adhuc',
956 2543 1090 2608 summis

82 2654 159 2697 vero
181 2631 330 2696 laudibus
353 2629 506 2696 Herodes.
538 2630 621 2707 Quid
645 2632 794 2714 quaeris?
825 2631 876 2696 vel
894 2631 992 2695 verba
1010 2631 1091 2695 mihi

82 2719 152 2783 dari
179 2719 272 2783 facile
299 2719 406 2802 patior
428 2719 462 2782 in
484 2719 546 2783 hoc
567 2739 682 2801 meque
704 2718 842 2782 libenter
864 2719 1003 2802 praebeo
1027 2741 1091 2783 cre-

82 2807 203 2872 dulum.
248 2807 298 2870 Tu
320 2807 425 2891 velim,
448 2808 476 2871 ai
499 2805 576 2890 quid
597 2805 660 2869 tibi
683 2810 732 2870 est
756 2828 775 2870 a
797 2805 902 2871 Statio
927 2808 1091 2892 scriptum,

83 2894 170 2979 quod
192 2895 352 2978 pertineat
374 2894 414 2958 ad
436 2915 496 2978 mc,
519 2894 688 2958 certiorem
710 2915 762 2958 me
784 2894 890 2959 facias.

44 3076 70 3117 ao
533 3049 644 3116 XVIa.

162 3153 217 3210 Ser.
232 3157 264 3210 in
282 3155 417 3224 Arpinati
436 3154 513 3209 XIV
529 3161 578 3210 cat
597 3154 683 3208 XIII
697 3153 734 3207 K.
749 3155 814 3208 Iun.
829 3171 855 3208 a.
871 3157 926 3208 710
944 3156 1012 3221 (44).

387 3258 531 3315 CICERO
548 3258 694 3314 ATTICO
712 3258 794 3312 SAL.

150 3347 255 3413 Narro
284 3349 358 3433 tibi,
388 3350 466 3413 haec
493 3349 564 3414 loca
591 3351 726 3413 venusta
755 3351 842 3430 sunt,
871 3347 981 3410 abdita
1007 3348 1092 3410 certe

84 3441 126 3524 et,
144 3435 172 3500 si
192 3437 270 3520 quid
287 3437 423 3502 scribere
441 3437 531 3523 velis,
549 3437 589 3500 ab
608 3435 739 3501 arbitris
757 3435 866 3499 libere.
905 3433 967 3498 Sed
984 3433 1093 3498 nescio

139 3546 185 3590 Oto.
195 3549 260 3599 epist.
270 3551 301 3590 11.
898 3541 931 3588 31
