2564 3880
228 182 488 238 misrrumum
506 184 556 237 An
574 184 741 240 1111111111
758 185 825 240 xm
845 192 959 242 ar-aa.
996 170 1005 186 '
1046 189 1113 253 419

92 325 279 410 Torquatus
302 325 467 391 Romaest.
511 326 598 413 Misi,
624 332 662 392 ut
686 328 748 393 tibi
772 329 911 394 daretur.
960 327 1149 396 Catuluma

93 418 126 478 et
149 414 339 499 Lucullum,
366 419 403 479 ut
426 416 554 502 opinor,
582 420 685 482 antea.
730 415 792 481 His
817 417 911 482 libris
933 439 1019 484 nova
1041 441 1114 502 pro-

92 502 222 566 hoemia
252 506 329 566 sunt
356 503 478 587 addita,
506 503 624 587 quibus
655 527 766 569 eorum
794 509 930 590 uterque
952 507 1113 571 laudatur.

93 591 160 655 Eas
187 591 315 655 litteras
337 591 412 655 volo
439 591 573 676 habeas,
601 597 633 656 et
661 596 738 657 sunt
761 594 918 677 quaedam
941 594 1012 658 alia.
1059 595 1113 680 Et,

66 704 79 746 s
95 679 182 762 quod
201 678 241 743 ad
259 682 292 744 te
311 679 350 744 de
369 679 478 744 decem
495 679 612 764 legatis
632 681 756 766 scripsi,
779 704 895 765 parum
914 682 1112 766 intellexisti,

93 768 202 854 cred0,
232 766 308 850 quia
331 769 387 832 διὰ
411 771 557 852 σημείων
580 769 777 853 scripseram.
824 768 873 834 De
898 767 931 835 0.
950 769 1120 834 Tuditano-

94 856 181 920 enim
205 855 412 941 quaerebam,
442 878 538 940 quem
562 878 602 920 ex
624 855 801 922 Hortensio
826 857 990 923 audieram
1012 858 1113 924 fuisse

92 943 129 1008 in
156 944 272 1008 decem.
318 943 406 1007 Ilum
428 944 520 1008 video
544 944 580 1008 in
602 943 737 1009 Libonis
761 950 943 1030 praetorem
965 946 999 1011 P.
1018 946 1113 1030 Popi-

92 1032 153 1116 lio,
180 1031 215 1096 P.
233 1030 367 1115 Rupilio
396 1051 468 1097 coss.
515 1030 620 1096 Amris
643 1051 721 1097 xmr
744 1038 831 1120 ante,
862 1057 959 1118 quam
981 1039 1113 1118 praetor

52 1147 80 1185 lo
93 1121 199 1184 factus
223 1123 287 1204 est,
312 1119 439 1204 legatus
463 1141 531 1184 esse
554 1121 728 1204 potuisset,
755 1122 819 1186 nisi
843 1123 1014 1187 admodum
1040 1145 1112 1188 sero

94 1211 248 1293 quaestor
271 1211 351 1273 essct
373 1207 501 1272 factus?
530 1208 617 1292 quod
635 1231 702 1273 non
721 1210 870 1275 arbitror.
903 1210 1008 1276 Video
1027 1212 1114 1276 eninr

94 1296 222 1360 curules
249 1297 461 1380 magistratus
488 1318 561 1360 eum
588 1296 744 1382 legitimis
772 1299 865 1362 annis
889 1299 1042 1383 perfacile
1065 1321 1113 1364 oe-

93 1385 189 1469 pisse.
234 1383 439 1449 Postumium
470 1388 592 1468 autem,
624 1385 714 1450 cuius
746 1390 889 1450 statuam
921 1387 956 1451 in
984 1387 1112 1452 Isthmo

92 1473 279 1537 meminisse
308 1475 340 1536 te
370 1473 463 1557 dicis,
491 1473 671 1538 nesciebam
697 1473 807 1538 fuisse.
852 1473 886 1538 Is
914 1478 1023 1539 autam
1054 1479 1113 1558 est,

52 1562 151 1645 isqui
175 1582 231 1626 coa.
255 1582 329 1624 cum
351 1561 390 1624 L.
408 1559 544 1625 Lucullo
567 1561 645 1646 fuit3
675 1583 772 1645 quem
794 1566 832 1625 tu
854 1561 936 1626 mihi
959 1562 1113 1627 addidisti

94 1671 172 1713 sane
203 1649 244 1712 ad
270 1649 364 1712 illum
379 1650 560 1732 *rotroyoa
582 1671 755 1734 personam
776 1649 933 1714 idoneam.
978 1649 1113 1714 Videbis

93 1739 207 1823 igitur,
236 1737 264 1800 si
287 1736 419 1821 poteris,
442 1740 576 1822 ceteros,
598 1741 636 1802 ut
658 1737 823 1820 possimus
846 1747 1036 1822 accusatura
1058 1737 1114 1802 nul

93 1837 165 1902 τοῖς
187 1825 387 1908 προσώποις.

529 1998 680 2064 XXXIII.

53 2135 78 2174 ao
243 2120 300 2176 Ser.
314 2122 347 2174 iu
368 2121 525 2176 Tusculano
541 2122 600 2175 III
612 2121 687 2176 Noa.
702 2121 769 2176 Iam.
784 2139 809 2175 o.
826 2125 882 2176 709
901 2124 971 2190 (45).

402 2243 549 2299 OIOERO
566 2244 713 2299 ATTICO
731 2243 814 2299 SAL.

167 2351 193 2417 0
211 2352 450 2437 neglegentiam
468 2353 595 2416 miram!
620 2352 766 2417 Semelae
784 2356 880 2436 putas
899 2351 979 2417 mihi
994 2353 1114 2417 dixisse
1135 2372 1148 2418 1

93 2440 236 2506 Balbum
255 2445 287 2505 et
304 2439 477 2506 Faberium
496 2440 731 2524 professionem
750 2441 907 2505 relatam?
942 2441 998 2524 qui
1016 2441 1115 2505 etiam

95 2552 208 2593 eorum
230 2529 322 2594 iussu
339 2528 493 2613 miserim,
517 2529 573 2613 qui
592 2530 808 2613 profiteretur.
846 2529 1002 2594 Ita'enim
1022 2551 1115 2613 opor-

54 2645 79 2686 25
93 2622 164 2682 tere
183 2617 341 2682 dicebant.
368 2616 537 2681 Professus
557 2622 606 2681 est
621 2616 819 2682 Philotimus
837 2617 983 2682 libertus.
1007 2615 1115 2704 Nosti,

94 2706 205 2788 credo,
235 2705 413 2770 librarium.
459 2705 521 2770 Sed
550 2705 670 2769 scribes
701 2709 734 2769 et
764 2705 894 2790 quidem
925 2705 1113 2770 confectum.

94 2792 149 2857 Ad
170 2791 354 2879 Faberium,
376 2797 413 2857 ut
436 2794 498 2856 tibi
521 2793 635 2877 placet,
658 2793 786 2858 litteras
809 2795 893 2877 misi,
916 2815 990 2859 cum
1010 2794 1113 2858 Balbo
1134 2813 1150 2859 a

96 2885 206 2946 autern
233 2885 313 2966 puto
341 2886 375 2945 te
405 2881 528 2967 aliquid
554 2881 667 2945 fecisse
694 2881 767 2964 †H.
795 2881 830 2945 in
858 2880 1030 2965 Capitolio,
1076 2880 1116 2945 In

94 2969 244 3054 Vergilio
269 2970 350 3034 mihi
368 2971 458 3034 nulla
478 2973 527 3034 est
546 2971 702 3046 δυςωπία.
739 2969 809 3035 Nec
827 2971 913 3034 enim
931 2970 1000 3034 eius
1019 2991 1115 3034 causa

54 3085 81 3125 ao
96 3080 174 3123 sane
203 3058 317 3143 deboc,
344 3062 388 3142 et,
417 3058 446 3122 si
473 3080 594 3143 emero,
621 3058 700 3142 quid
730 3058 806 3142 erit,
834 3058 921 3142 quod
948 3057 1114 3141 postulet?

96 3145 160 3210 Sed
182 3146 317 3231 ridebis,
339 3168 380 3210 ne
402 3146 431 3210 is
454 3150 526 3210 tum
549 3146 593 3210 sit
615 3147 651 3211 in
673 3145 784 3210 Africa
807 3150 845 3211 ut
870 3144 1006 3210 Caelius.

163 3234 213 3298 De
235 3235 366 3298 nomine
388 3238 426 3298 tu
448 3234 572 3298 videbis
591 3257 664 3299 cum
689 3233 813 3317 Gispi03
836 3235 900 3319 sed,
925 3234 953 3297 si
975 3232 1114 3296 Plancus

96 3323 253 3407 destinat,
280 3326 351 3387 tum
376 3321 476 3387 habet
503 3345 554 3387 res
578 3322 810 3387 difficultatem.
859 3322 904 3386 Te
928 3321 968 3384 ad
990 3341 1041 3384 me
1063 3341 1116 3383 ve·

95 3412 166 3475 nire
194 3415 329 3494 uterque
356 3415 506 3475 nostrum
530 3411 632 3495 cupit;
666 3411 721 3476 sed
744 3411 808 3475 ista
830 3432 881 3474 res
903 3409 994 3473 nullo
1018 3407 1114 3471 modo

56 3525 82 3566 aa
95 3499 308 3583 relinquenda
340 3503 398 3567 est.
450 3497 611 3564 Othonem
644 3500 730 3583 quod
759 3519 869 3581 speras
897 3518 992 3581 posse
1020 3496 1116 3581 vinci,

902 3598 955 3653 27¹¹
