2586 3886
270 938 328 1020 M.
356 939 549 1020 TULLI
578 938 925 1022 CICERONIS

211 1098 601 1172 EPISTULARUM
632 1098 703 1170 AD
735 1098 980 1172 ΑΤΤΙΟΠΜ

433 1252 566 1318 LIBER
591 1251 765 1319 SEXTUS.

544 1415 652 1424 -ι

584 1535 609 1601 Ι.

61 1669 73 1709 5
275 1656 332 1712 δαν.
347 1658 501 1712 Laodiceae
525 1659 570 1712 VI
584 1657 621 1712 K.
637 1658 725 1712 Mart.
741 1675 766 1711 c.
783 1661 837 1712 704
857 1661 927 1725 (50).

413 1779 540 1836 monuo
560 1780 691 1835 ATTICO
711 1779 785 1838 SAL.

156 1889 277 1973 Accepi
299 1892 373 1953 tuas
396 1888 523 1954 litteras
548 1912 573 1954 a.
593 1889 621 1953 d.
642 1891 792 1974 quintum
815 1887 1010 1952 Terminalia
1029 1887 1140 1952 Lao-1

92 1978 210 2062 diceae3
240 1999 319 2061 quas
343 1977 408 2061 legi
430 1977 644 2042 libentissime
667 1978 872 2062 plenissimas
896 1977 1024 2061 amoris,
1049 1977 1108 2040 hu-

92 2066 274 2151 munitatis,
306 2065 417 2150 officii,
450 2065 643 2150 diligentiae.
694 2067 740 2130 Iis
772 2066 875 2150 igitur
906 2065 1107 2148 respondebo

55 2181 80 2218 10
93 2177 154 2218 oon
182 2154 318 2240 “χρύσεα
341 2155 515 2237 χαλκείων’
543 2152 608 2240 (sic
632 2156 717 2218 enim
744 2151 911 2240 postulas)
938 2175 997 2217 nec
1020 2156 1108 2218 οἰκο-

95 2246 214 2327 νομίαν
232 2264 337 2306 meam
355 2243 534 2328 instituam,
553 2243 608 2306 sed
627 2243 771 2307 ordinem
789 2242 986 2306 conservabo
1004 2246 1107 2306 tuum.

94 2329 344 2396 Recentissimas
375 2353 394 2394 a
417 2328 578 2413 Cybistris
602 2335 634 2395 te
657 2353 744 2396 meas
767 2331 894 2394 litteras
917 2331 1036 2394 habere
1059 2331 1108 2394 ais

96 2443 120 2484 a.
139 2421 167 2483 d.
187 2436 212 2483 x
232 2419 392 2482 Kalendas
412 2417 568 2485 Octobres
591 2420 683 2484 datas
707 2424 739 2484 et
764 2419 844 2483 scire
867 2419 926 2502 vis,
949 2423 1022 2482 tuas
1046 2439 1107 2502 ego

96 2530 175 2590 quas
190 2508 372 2590 acceperim.
409 2505 529 2572 Omnes
543 2508 618 2593 fere,
633 2529 713 2590 quas
728 2529 967 2592 commemoras,
980 2511 1110 2590 praeter

59 2619 82 2659 15
96 2617 157 2679 eas,
180 2617 261 2679 quas
281 2595 395 2659 scribis
409 2594 539 2660 Lentuli
557 2597 666 2679 pueris
685 2600 718 2659 et
736 2595 936 2679 Equotutico
955 2599 988 2658 et
1006 2595 1110 2659 Brim-

96 2684 176 2748 disio
207 2683 307 2747 datas.
354 2682 459 2758 Quare
485 2706 552 2750 non
580 2691 702 2768 οἴχεται
732 2688 789 2748 tua
816 2682 990 2767 industria,
1022 2684 1111 2766 quod

95 2772 228 2856 vereris,
257 2771 312 2836 sed
333 2773 494 2855 praeclare
517 2773 658 2858 ponitur,
683 2773 711 2836 si
735 2772 864 2855 quidem
886 2772 920 2835 id
942 2772 1049 2857 egisti,
1071 2775 1110 2835 ut

95 2881 155 2944 ego
183 2860 365 2924 delectarer.
411 2859 496 2924 Nam
522 2861 612 2924 nulla
641 2883 676 2924 re
700 2883 772 2924 sum
794 2859 971 2924 delectatus
994 2860 1109 2943 magis.

163 2946 255 3024 Quod
276 2969 381 3012 meam
403 2949 576 3032 βαθύτητα
598 2950 634 3012 in
655 2948 762 3032 Appio
786 2948 858 3033 tibi,
879 2948 1110 3012 liberalitatem
1128 2965 1144 3011 2

59 3063 83 3101 ro
97 3037 193 3100 etiam
215 3037 250 3100 in
267 3036 370 3100 Bruto
389 3036 502 3122 probo,
524 3037 729 3101 vehementer
747 3037 884 3122 gaudeo;
907 3059 943 3100 ac
960 3040 1110 3120 putaram

96 3125 191 3208 paulo
216 3146 316 3189 secus.
353 3124 479 3208 Appius
503 3124 588 3189 enim
612 3125 651 3190 ad
673 3147 725 3189 me
748 3148 788 3190 ex
809 3125 925 3189 itinere
947 3125 999 3188 bis
1020 3129 1111 3188 terve

96 3214 405 3299 ὑπομεμψιμοίρους
427 3213 553 3278 litteras
575 3215 717 3299 miserat,
745 3213 832 3296 quod
854 3213 1009 3296 quaedam
1034 3235 1053 3275 a
1076 3235 1111 3276 se

98 3302 274 3366 constituta
303 3301 522 3365 rescinderem.
567 3301 614 3366 Ut
638 3302 666 3365 si
688 3302 839 3384 medicus,
862 3323 935 3364 cum
958 3304 1111 3384 aegrotus

98 3390 152 3454 alii
176 3390 298 3454 medico
322 3389 461 3454 traditus
487 3389 538 3473 sit,
560 3390 655 3454 irasci
673 3391 752 3454 velit
771 3390 800 3453 ei
818 3388 950 3474 medico,
973 3389 1029 3471 qui
1048 3387 1112 3451 sibi

60 3503 85 3544 ss
99 3479 293 3564 successerit,
315 3478 353 3563 si,
371 3500 452 3561 quae
470 3477 539 3561 ipse
557 3478 593 3542 in
611 3479 751 3543 curando
771 3476 988 3561 constituerit,
1005 3478 1112 3539 mutet
