2560 3880
174 149 240 213 500
495 147 532 201 M.
548 147 656 200 TULLI
674 145 863 201 CICERONIS

175 313 237 374 que
266 313 299 354 se
326 289 502 373 postulare,
531 293 568 353 ut
597 289 708 353 statim
736 289 892 374 crederes,
920 289 988 372 sed,
1017 310 1091 352 curn
1118 289 1189 371 ipse

174 379 401 462 perspexisses
424 381 495 441 tum
517 381 554 440 ut
577 398 612 440 se
635 399 766 440 amares.
806 341 963 451 Quodnisi
986 377 1085 440 fidem
1106 377 1189 440 mihi
1263 425 1264 434 .

173 467 302 530 fecisset
288 466 592 550 tiudicassemque
618 464 693 549 hoc,
725 465 811 547 quod
839 464 923 546 dico,
950 464 1083 528 firmum
1109 465 1189 548 fore,
1263 473 1264 542 1

173 575 241 618 non
263 554 409 618 fecissem
431 553 474 638 id,
501 552 589 636 quod
611 552 754 617 dicturus
779 574 858 616 sum
903 550 991 616 Duxi
1015 553 1102 616 enim
1124 575 1188 616 me
1263 547 1264 610 l

174 664 245 706 cum
274 642 507 706 adulescentem
535 641 574 703 ad
601 640 747 704 Brutum.
794 639 846 704 Sic
873 640 903 703 ei
929 641 1105 723 probatum
1129 645 1222 724 ests
1263 665 1264 710 f

175 730 267 812 quod
288 730 328 794 ad
357 734 389 792 11
414 729 534 813 scribo,
561 731 598 791 ut
620 729 689 810 ipse
712 728 894 812 crediderit,
920 750 971 792 me
994 750 1188 812 sponsorem
1263 735 1264 814 1

175 819 316 900 accipere
342 817 483 880 noluerit
511 838 647 899 eumque
673 816 806 879 laudans
836 816 1028 880 amicissime
1050 817 1187 880 mentio
1263 819 1264 909 1

173 927 247 969 nem
283 905 332 969 tui
368 906 492 988 fecerit,
532 904 716 986 complexus
754 904 981 986 osculatusque
1017 904 1186 968 dimiserit.
1263 917 1264 924 ’

175 991 278 1068 Quam
310 994 350 1057 ob
383 1015 465 1079 rem,
497 992 558 1055 etsi
587 991 691 1076 magis
724 996 786 1075 est,
819 992 906 1075 quod
935 992 1081 1076 gratuler
1113 992 1195 1077 tibi,

175 1103 272 1163 quam
296 1081 382 1163 quod
403 1084 436 1144 11
459 1100 584 1164 rogem,
611 1083 719 1143 tamen
742 1080 840 1143 etiam
862 1100 953 1163 rogo,
980 1083 1027 1165 ut,
1051 1080 1080 1143 si
1104 1102 1185 1163 quae
1198 1106 1219 1143 11

174 1169 281 1231 minus
314 1171 407 1232 antea
438 1172 571 1250 propter
599 1167 821 1231 infirmitatem
850 1168 965 1231 aetatis
997 1171 1186 1231 constanter
1263 1181 1264 1236 1

174 1256 215 1318 ab
239 1277 276 1319 eo
299 1255 369 1319 fieri
391 1255 590 1338 videbantur,
613 1277 650 1319 ea
668 1255 788 1318 iudices
806 1254 899 1318 illum
917 1255 1071 1319 abiecisse
1090 1255 1184 1319 milri·

174 1365 236 1426 que
259 1344 367 1407 credas
390 1344 529 1407 multum
552 1343 722 1406 allaturam
744 1343 796 1406 vel
818 1343 993 1425 plurimum
1013 1343 1127 1426 potius
1147 1343 1185 1407 ad
1263 1369 1264 1430 1

174 1431 262 1495 illius
284 1431 438 1495 iudicium
460 1431 713 1495 confirmandum
736 1430 961 1497 auctoritatem
983 1434 1085 1494 tuam.
1263 1437 1264 1518 1

138 1536 154 1584 3
240 1519 342 1583 Bruto
366 1541 437 1583 cum
460 1541 554 1602 saepe
572 1518 752 1583 iniecissem
772 1519 810 1582 de
829 1519 1002 1604 ὁμοπλοίᾳ,
1028 1539 1098 1582 non
1116 1541 1218 1601 per-15

174 1607 261 1693 inde,
292 1611 388 1690 atque
415 1627 474 1691 ego
497 1610 656 1692 putaram,
685 1606 823 1688 arripere
846 1606 934 1670 visus
958 1611 1016 1670 est.
1062 1606 1183 1670 Existi·

173 1695 300 1758 mabam
322 1697 565 1779 μετεωρότερον
588 1715 667 1778 1111,
689 1698 722 1757 11
743 1693 871 1757 hercule
896 1697 964 1758 erat
986 1697 1019 1758 et
1041 1695 1183 1758 maxime

174 1782 213 1845 de
235 1783 328 1847 ludis.
369 1782 414 1846 At
436 1782 527 1868 mihi,
549 1803 622 1844 cum
645 1781 682 1844 ad
706 1781 817 1845 villam
839 1782 1000 1864 redissem,
1024 1779 1082 1846 On.
1103 1781 1182 1845 Luc·

173 1871 272 1955 11111,
300 1871 355 1953 qui
377 1870 516 1934 multum
538 1870 642 1933 utitur
664 1868 767 1932 Bruto
774 1921 783 1953 ,
808 1869 951 1932 narravit
974 1869 1067 1932 illum
1091 1870 1182 1934 valde

173 1959 292 2021 morari
321 1980 388 2022 non
410 1958 690 2042 tergiversantem,
717 1957 773 2020 sed
795 1961 1047 2040 exspectantem,
1075 1957 1105 2021 si
1128 1958 1217 2040 quiec

172 2045 255 2109 forte
284 2068 382 2109 casus.
428 2043 544 2128 Itaque
572 2044 699 2128 dubito,
726 2067 767 2108 an
789 2043 967 2108 Venusiam
996 2045 1127 2108 tendam
1151 2049 1183 2109 et

171 2133 219 2196 ibi
246 2137 425 2217 exspectem
454 2133 493 2196 de
520 2133 710 2216 legionibus
757 2131 792 2196 Si
815 2133 964 2219 aberunt,
991 2135 1028 2195 ut
1052 2133 1182 2216 quidam

171 2221 257 2284 arbit
243 2226 315 2284 tran
317 2227 378 2304 tu,r
407 2219 621 2306 Hydruntem,
648 2221 675 2284 11
697 2225 848 2284 neutrum
871 2221 932 2283 erit
955 2219 1111 2306 ἀσφαλές,
1133 2242 1182 2284 eo-

172 2309 243 2372 dem
265 2313 414 2372 revertar
451 2307 554 2372 Iocari
576 2331 627 2373 me
650 2309 768 2391 putas?
804 2307 934 2392 Moriar,
958 2309 986 2371 si
1010 2308 1181 2392 quisquam

170 2419 221 2460 me
249 2401 337 2460 tenet
364 2401 456 2478 praet
457 2401 533 2461 ert
535 2396 737 2460 eEtenim
764 2396 986 2497 circumspice,
1014 2397 1071 2460 sed
1093 2400 1214 2461 ante-u

136 2501 154 2547 4
174 2505 269 2566 quam
292 2484 453 2548 erubesco
499 2482 526 2547 Ο
535 2418 649 2546 edies
640 2505 675 2546 111
698 2485 849 2567 auspiciis
872 2483 985 2566 Lepidi
1008 2483 1107 2565 lepide
1130 2484 1180 2547 de

173 2572 310 2653 scriptos
338 2575 370 2635 et
400 2575 474 2654 apte
502 2572 543 2635 ad
570 2571 740 2634 consilium
761 2572 843 2634 redit
829 2575 883 2636 tus
906 2571 1025 2636 nostrii
1061 2571 1180 2656 Magna

173 2659 257 2742 ῥοπὴ
282 2658 320 2720 ad
343 2659 639 2741 proficiscendum
625 2680 661 2723 11
679 2660 745 2723 tuis
763 2659 803 2722 lit
789 2660 891 2723 tteris.
927 2658 1036 2742 Atque
1054 2661 1179 2723 utinam

172 2749 205 2810 te
228 2746 307 2809 illic!
341 2745 402 2809 Sed
425 2751 461 2810 ut
485 2747 658 2810 conducere
680 2747 819 2830 putabis.

138 2849 153 2897 5
239 2832 375 2916 Nepotis
395 2834 567 2917 epistulam
586 2839 743 2917 exspecto
777 2832 919 2917 Cupidus
938 2833 993 2897 ille
1011 2834 1178 2897 meorum?
1190 2861 1212 2899 11

173 2922 228 3003 qui
258 2943 308 3006 ea,
340 2922 457 3003 quibus
487 2922 624 2986 maxime
652 2935 794 3007 γαυριῶ,
825 2922 959 3006 legenda
985 2943 1052 2985 non
1078 2925 1177 3004 putet.

172 3008 216 3071 nt
240 3009 286 3072 ais
310 3007 385 3092 ‘pai
409 3009 586 3092 dpdpova’l
623 3010 673 3072 'Pu
691 3032 766 3074 vero
782 3009 954 3094 ‘dpdpmv',
977 3009 1032 3072 ille
1051 3009 1177 3092 quidem

172 3096 369 3180 ‘dpdpocog'.
405 3096 550 3160 Mearum
573 3098 656 3180 epist
642 3097 783 3161 tularum
805 3098 966 3160 nullat
918 3101 966 3160 est
990 3099 1177 3181 ovvuyoryq‘3

171 3185 226 3247 sed
252 3184 350 3247 habet
378 3184 492 3248 Tiro
484 3189 549 3248 rust
552 3207 587 3247 ar
609 3187 887 3269 septuaginta,et
855 3185 1040 3267 equidem
1062 3189 1177 3248 sunta

171 3274 204 3334 te
232 3273 387 3372 quaedam
415 3272 594 3336 sumendae.
640 3272 775 3336 1111111
754 3296 794 3357 t‚o
823 3277 952 3356 oportet
980 3273 1211 3356 perspiciamus

171 3363 338 3443 corrigam.
385 3359 468 3423 Turn
491 3359 626 3442 denique
649 3360 791 3425 edentur.
