2568 3888
163 149 211 214 ,64
490 148 528 202 Μ,
548 147 656 202 TULLI
673 147 862 202 CICERONIS

106 336 108 341 -
165 295 295 375 spectus
324 294 385 373 est3
413 313 501 354 narn-
516 291 751 376 gladiatoribus
780 312 844 374 qua
872 290 1118 375 dominusque.
1145 289 1204 353 ad-

166 379 273 444 vocati
306 378 412 442 sibilis
445 379 612 463 conscissi3
643 378 729 441 ludis
757 377 1003 461 Apollinaribus
1032 376 1204 462 Diphilus

165 466 340 551 tragoedus
356 466 392 530 in
403 471 553 531 nostrum
562 465 752 549 Pompeium
765 465 949 550 petulanter
960 465 1114 530 invectus
1132 469 1204 529 est:
1265 551 1269 556 Ι

212 579 374 645 ‘Nestra
396 581 553 645 miseria
575 584 617 644 tu
641 601 679 644 cs
702 600 862 664 magnus
886 579 942 626 -'

166 695 296 760 miliens
319 698 448 759 coactus
473 698 522 758 cst
545 694 662 779 dicere3
1233 719 1270 756 ⁵-

213 791 393 873 ‘Eandem
420 807 606 873 virtutem
634 806 751 872 istem
777 807 907 872 ueniet
931 811 1083 892 tempus
1108 829 1204 872 curn

841 897 1019 981 graviter
1043 895 1204 980 gemes'

166 1022 269 1088 totius
298 1020 418 1084 theatri
445 1019 585 1083 clamore
614 1019 696 1082 dixit
719 1020 862 1103 itemque
885 1023 997 1083 cetera.
1044 1017 1139 1083 Nam
1167 1022 1204 1082 et

168 1109 237 1173 eius
268 1109 357 1173 modi
386 1111 461 1172 sunt
491 1108 527 1170 ii·
541 1129 669 1192 versus,
699 1107 749 1172 uti
777 1107 812 1169 in
835 1110 962 1190 tempus
987 1107 1027 1171 ab
1055 1107 1203 1172 inimico

166 1196 301 1279 Pompei
325 1195 437 1279 scripti
461 1216 530 1259 csse
551 1195 735 1259 videantur:
1107 1205 1111 1214 '
1217 1223 1245 1261 10

235 1307 292 1374 ‘si
315 1330 437 1394 neque
458 1310 564 1394 leges
587 1329 711 1393 neque
734 1331 858 1373 mores
883 1312 1026 1392 cogunt
1050 1309 1122 1394 —',

167 1438 201 1498 ct
228 1438 334 1497 cetera
360 1454 479 1518 magno
507 1455 580 1496 cum
607 1433 740 1496 fremitu
768 1436 800 1496 et
829 1432 968 1497 clamore
991 1435 1069 1496 sunt
1094 1432 1198 1496 dicta.

168 1520 286 1586 Caesar
313 1544 387 1587 cum
413 1521 555 1585 venisset
583 1523 712 1584 mortuo
741 1520 872 1606 plausu,
899 1517 997 1584 Curio
1024 1520 1115 1584 filius
1142 1524 1199 1584 est
1279 1536 1280 1551 ¹

168 1611 342 1674 insecutus.
387 1609 474 1674 Huic
497 1609 544 1672 ita
566 1609 717 1691 plausum
741 1612 804 1694 est,
826 1613 864 1672 ut
888 1610 977 1672 salva
999 1629 1035 1672 re
1057 1608 1199 1691 publica

168 1697 322 1782 Pompeio
350 1698 461 1782 plaudi
490 1696 623 1761 solebat.
666 1696 759 1782 ¹Tulit
782 1695 900 1760 Caesar
923 1696 1074 1780 graviter.
1122 1696 1199 1760 Lit-
1214 1723 1241 1764 15
1279 1706 1280 1759 l

169 1791 256 1851 torae
275 1783 419 1870 Capuam
438 1785 478 1868 ad
491 1784 682 1868 Pompeium
699 1785 809 1848 volare
828 1784 1025 1848 dicebantur.
1060 1783 1198 1848 Inimici

170 1878 261 1938 erant
281 1874 455 1958 equitibus,
478 1873 534 1956 qui
553 1871 687 1936 Curioni
711 1875 833 1936 stantes
856 1873 1054 1956 plauserant,
1076 1871 1196 1936 hostes

170 1962 334 2046 omnibus3
370 1960 506 2025 Rosciae
542 1959 622 2045 legi,
660 1960 758 2024 etiam
793 1960 1023 2024 frumentariae
1060 1960 1196 2024 minita-

169 2049 297 2113 bantur.
357 2046 440 2112 Sane
476 2070 527 2112 res
568 2051 636 2111 erat
674 2049 872 2131 perturbata.
928 2047 1093 2131 Equidem
1126 2071 1196 2112 ma·
1279 2116 1280 2155 1

168 2137 302 2221 lucram,
325 2136 498 2219 quoderat
519 2139 703 2219 susceptum
726 2137 767 2199 ab
791 2136 869 2222 illis,
892 2135 1021 2199 silentio
1045 2136 1196 2220 transiri,
1211 2163 1237 2202 20

170 2224 226 2288 sed
249 2245 370 2309 vereor,
391 2245 433 2288 ne
454 2245 522 2288 non
543 2224 646 2288 liceat.
688 2221 764 2287 Non
786 2225 896 2287 ferunt
918 2223 1078 2308 homines,
1102 2225 1196 2307 quod
1279 2280 1280 2312 p

169 2311 296 2376 videtur
327 2331 395 2375 esse
426 2315 534 2376 tamen
563 2311 742 2396 ferendum3
777 2312 832 2376 sed
860 2314 909 2375 est
940 2311 1005 2375 iam
1032 2333 1098 2374 una
1127 2333 1196 2376 uox
1279 2313 1280 2361 l

171 2399 315 2464 omnium
338 2399 442 2484 magis
466 2400 540 2464 odio
563 2400 691 2463 firmate
715 2421 811 2482 quam
834 2399 1005 2483 praesidio,

133 2502 151 2550 4
236 2484 358 2550 Noster
376 2491 483 2551 autem
501 2487 638 2552 Publius
656 2486 738 2550 mihi
756 2488 936 2572 minitatur,
959 2486 1111 2551 inimicus
1133 2492 1194 2552 est.

169 2572 338 2658 Impendet
369 2575 550 2660 negotium,
586 2575 627 2638 ad
659 2575 745 2659 quod
781 2579 819 2639 tu
857 2575 979 2639 scilicet
1010 2575 1194 2642 advolabis.
1209 2602 1235 2644 25

170 2661 292 2727 Videor
314 2663 396 2726 milri
417 2667 567 2727 nostrum
590 2663 684 2727 illum
707 2663 909 2728 consularem
933 2662 1111 2727 exercitum
1135 2664 1195 2728 bo-

169 2772 286 2814 norum
310 2751 468 2836 omnium,
491 2751 589 2815 etiam
613 2751 692 2815 satis
717 2751 878 2815 bonorum
899 2750 1019 2815 habere
1042 2751 1194 2818 firmissi-

170 2860 267 2902 mum.
313 2836 485 2922 Pompeius
509 2839 670 2923 significat
694 2839 838 2903 studium
862 2860 939 2924 erge
961 2859 1014 2902 me
1035 2860 1104 2903 non
1127 2861 1194 2903 me·
1279 2871 1280 2898 1

171 2926 290 3010 diocre3
317 2926 403 2990 idam
431 2926 580 2990 adfirmat
606 2927 741 2991 verbum
768 2927 807 2990 de
833 2949 885 2991 me
912 2926 1006 2991 illum
1028 2949 1098 2991 non
1121 2949 1193 2992 esse

169 3013 344 3099 facturum3
371 3015 407 3078 in
431 3037 494 3098 quo
517 3035 584 3077 non
606 3037 658 3078 me
680 3015 736 3079 ille
758 3015 858 3100 fallit,
882 3015 938 3079 sed
961 3015 1031 3098 ipse
1054 3015 1191 3080 fallitur.
1207 3045 1232 3083 cc
1279 3063 1280 3086 1

171 3098 329 3166 Cosconio
361 3107 490 3167 mortuo
522 3123 594 3166 sum
623 3103 658 3166 in
691 3103 758 3166 eius
791 3104 899 3167 locum
930 3103 1099 3168 invitatus.
1153 3102 1192 3168 Id
1279 3087 1280 3155 l

170 3193 240 3253 erat
262 3191 370 3254 vocari
393 3191 427 3254 in
450 3191 557 3254 locum
582 3191 712 3254 mortui.
756 3189 850 3254 Nihil
874 3211 927 3255 mc
950 3191 1080 3274 turpius
1105 3193 1192 3276 apud

168 3276 318 3342 homines
340 3279 457 3343 fuisset
480 3298 584 3362 neque
606 3300 683 3343 vero
703 3278 743 3341 ad
759 3278 860 3342 istam
878 3279 983 3362 ipram
1003 3279 1192 3364 ἀσφάλειαν

171 3366 342 3450 quicquam
375 3367 518 3432 alienius.
575 3364 658 3430 Sunt
691 3365 776 3429 enim
808 3367 859 3430 illi
892 3367 977 3450 apud
1009 3366 1114 3432 bonos
1144 3368 1191 3432 iu-

170 3454 297 3540 vidiosi‚
316 3475 374 3539 ego
394 3456 480 3539 apud
497 3454 664 3538 improbos
683 3475 789 3517 meam
802 3455 1009 3520 retinuissem
1025 3455 1191 3542 invidiam,
1205 3482 1230 3523 ac
