2586 3886
167 162 232 226 130
488 160 526 215 M.
545 161 652 215 TULLI
672 159 862 216 CICERONIS

165 327 257 370 meus
285 304 386 368 frater
414 307 484 368 erat
511 303 549 368 in
570 325 712 368 sororem
736 307 839 389 tuam,
867 306 919 389 ut,
946 302 1044 367 etiam
1067 303 1186 386 siqua

166 395 272 458 fuerat
290 414 330 455 ex
347 392 475 456 ratione
494 395 642 476 sumptus
663 392 806 476 offensio,
823 413 890 456 non
908 394 1085 475 appareret.
1122 389 1185 455 llle

167 482 214 546 sio
241 481 317 545 dies.
367 479 530 544 Postridie
557 501 596 544 ex
624 479 777 564 Arpinati
804 480 943 563 profeoti
970 501 1089 544 sumus.
1134 477 1184 543 Ut

166 569 203 634 in
216 567 344 634 Arcano
363 567 502 644 Quintus
525 571 679 652 maneret,
702 568 768 632 dies
788 568 873 649 feeit,
896 589 956 652 ego
971 565 1103 651 Aquini,
1126 567 1184 630 sed

166 657 354 742 prandimus
381 657 417 721 in
438 654 575 720 Arcano.
621 655 719 720 Nosti
746 655 832 720 huno
860 654 1005 720 fundum.
1050 653 1120 730 Quo
1143 659 1184 718 ut
1217 681 1233 722 ⁵

167 745 322 830 venimus,
348 743 580 808 humanissime
603 742 743 818 Quintus
767 743 969 826 ‘Pomponia'
991 744 1108 828 inquit,
1132 743 1183 807 ‘tu

167 833 271 898 invita
291 833 452 918 mulieres,
470 853 529 917 ego
553 833 694 896 aroivero
712 833 821 897 viros’.
853 829 948 896 Nihil
965 832 1082 916 potuit,
1100 830 1184 895 mihi

168 921 298 1006 quidem
325 924 363 984 ut
389 921 496 985 visum
519 924 582 1007 est,
610 920 734 985 duloius
762 920 858 1004 idque
886 941 959 984 eum
981 919 1089 984 verbis
1111 923 1185 984 tum

168 1010 266 1074 etiam
289 1009 395 1073 animo
420 1029 456 1072 ac
477 1008 579 1073 vultu.
615 1006 662 1072 At
683 1009 741 1072 illa
759 1008 964 1073 audientibus
982 1007 1078 1072 nobis
1097 1007 1183 1092 ‘Ego

168 1098 239 1180 ipsa
271 1097 353 1161 sum'
383 1095 492 1180 inquit
520 1096 585 1160 ‘hio
610 1095 767 1181 hospita',
798 1097 833 1160 id
860 1100 968 1160 autern
995 1118 1034 1159 ex
1062 1118 1114 1179 ee,
1144 1099 1185 1159 ut
1200 1125 1234 1164 ro

168 1186 298 1336 titt?
326 1184 419 1337 tt
434 1183 811 1357 diiilefihsiili'
826 1183 1186 1357 lhiidffli

132 1361 234 1427 atior
257 1360 394 1425 cotidie'.
439 1359 549 1425 Dices:
581 1360 691 1446 ‘Quid,
719 1383 847 1447 quaeso,
869 1361 953 1425 istuo
976 1361 1077 1424 erat?’
1115 1360 1186 1425 Ma·

170 1470 284 1534 gnum3
312 1449 422 1532 itaque
449 1471 501 1513 me
531 1449 638 1532 ipsum
661 1453 891 1534 commoverat3
921 1449 967 1513 sio
990 1448 1127 1512 absurde
1150 1452 1184 1512 et

170 1559 281 1620 aspere
295 1537 402 1601 verbis
414 1537 572 1620 vultuque
585 1538 800 1621 responderat.
837 1536 1047 1601 Dissimulari
1062 1536 1183 1601 dolens.
1200 1565 1233 1606 rs

169 1623 400 1689 Discubuimus
423 1647 534 1690 omnes
556 1629 684 1708 praeter
706 1626 806 1710 illam,
835 1626 887 1690 oui
910 1629 1020 1689 tamen
1042 1622 1185 1700 Quintus

171 1714 209 1777 de
231 1735 342 1778 mensa
364 1713 463 1778 misit.
503 1711 565 1778 llla
587 1714 705 1778 reiecit.
743 1712 827 1790 Quid
848 1713 973 1778 multa?
1004 1713 1088 1777 nihil
1109 1735 1184 1778 meo

169 1803 270 1866 fratre
287 1801 403 1887 lenius,
424 1801 508 1866 nihil
526 1802 670 1884 asperius
688 1805 746 1866 tua
765 1823 875 1866 sorore
894 1801 976 1865 mihi
993 1801 1099 1866 visum
1118 1805 1185 1887 est3

169 1894 202 1954 et
228 1891 332 1954 multa
359 1892 537 1974 praetereo,
565 1910 648 1973 quae
674 1893 745 1954 tum
771 1889 853 1954 mihi
879 1889 995 1954 maiori
1017 1889 1185 1954 stomacho

170 1999 267 2061 quam
290 1978 354 2061 ipsi
373 1976 494 2053 Quinto
517 1978 656 2042 fuenmt.
693 1978 767 2063 Ego
785 1978 859 2042 inde
873 1976 1048 2061 Aquinum.
1086 1976 1186 2053 Quin·
1201 2007 1233 2046 so

169 2069 223 2129 tus
252 2066 287 2128 in
309 2064 437 2129 Arcano
466 2065 620 2129 remansit
643 2069 676 2129 et
698 2065 866 2149 Aquinum
888 2066 928 2130 ad
951 2088 1003 2129 me
1026 2065 1185 2148 postridie

168 2174 262 2217 mane
284 2153 374 2217 venit
395 2153 539 2237 mihique
562 2153 706 2218 narravit
728 2175 787 2218 nee
811 2176 918 2219 secum
935 2154 1027 2218 illam
1045 2153 1187 2218 dormire

169 2240 309 2306 voluisse
340 2247 382 2324 et,
414 2263 487 2306 oum
519 2241 698 2306 discessura
729 2246 827 2327 esset,
860 2243 960 2307 fuisse
992 2242 1060 2306 eius
1087 2242 1187 2328 modi,

169 2328 298 2412 qualem
317 2349 376 2413 ego
395 2329 557 2394 vidissem.
594 2328 678 2405 Quid
697 2331 847 2414 quaeris?
875 2330 927 2394 rel
944 2331 1008 2414 ipsi
1021 2330 1084 2395 hoo
1097 2330 1185 2395 dieas

167 2417 253 2500 lieet,
276 2417 510 2482 humanitatem
533 2418 563 2482 ei
584 2440 656 2483 meo
680 2418 798 2483 iudicio
822 2419 879 2483 illo
904 2418 954 2483 die
977 2418 1125 2482 defuisse.
1201 2447 1231 2489 as

235 2503 323 2569 Haeo
346 2504 387 2568 ad
409 2509 442 2570 te
466 2506 582 2589 seripsi
602 2507 741 2571 fortasse
760 2507 916 2590 pluribus,
940 2529 1038 2590 quam
1055 2527 1186 2570 neeesse

168 2592 242 2678 fuit,
263 2597 301 2656 ut
324 2593 448 2658 videres
470 2598 545 2658 tuas
569 2616 697 2679 quoque
721 2617 789 2660 esse
813 2600 923 2679 partes
941 2594 1133 2659 instituendi
1151 2599 1186 2659 et

134 2681 327 2747 amonendi.
373 2680 548 2766 Reliquum
584 2687 648 2769 est,
683 2688 735 2769 ut,
767 2687 941 2767 antequam
972 2683 1187 2770 proficiscare,

168 2768 319 2833 mandata
341 2774 455 2834 nostra
478 2769 658 2857 exhaurias,
681 2772 802 2836 scribas
824 2772 933 2835 adme
953 2771 1070 2857 omnia,
1091 2770 1187 2835 Pom-

168 2857 296 2940 ptinum
319 2857 484 2943 extrudas,
513 2879 586 2923 cum
608 2861 771 2943 profectus
795 2860 869 2946 eris,
890 2879 991 2943 eures,
1014 2864 1052 2924 ut
1076 2859 1186 2944 seiam,
1200 2888 1231 2928 ao

170 2943 216 3009 sie
235 2944 365 3031 habeas,
386 2945 470 3010 nihil
487 2946 667 3011 mehercule
685 2951 718 3012 te
736 2948 817 3012 mihi
834 2969 893 3013 nee
911 2948 1016 3012 carius
1036 2968 1105 3012 esse
1125 2969 1187 3012 neo

170 3033 310 3096 suavius.
351 3033 390 3097 A.
410 3033 612 3117 Torquatum
630 3036 850 3100 amantissime
869 3035 978 3100 dimisi
991 3034 1187 3122 Menturnis,

170 3121 329 3203 optimum
346 3122 465 3207 virum3
489 3122 541 3186 eui
559 3123 670 3188 moad
688 3128 721 3188 te
739 3125 907 3210 scripsisse
926 3123 1050 3208 aliquid
1067 3124 1103 3187 in
1121 3146 1187 3188 ser-

166 3229 264 3273 mone
287 3210 448 3295 significes
469 3211 574 3276 uelim
