2564 3880
222 157 481 212 EPISTULARUM
499 157 549 212 AD
568 157 733 212 ATTIOUM
751 157 817 211 XIII
835 163 972 212 45-47a.
1036 158 1102 222 429

73 303 213 387 signata
243 301 303 365 hac
327 301 468 385 epistula
490 305 589 365 noctu
612 301 802 366 tabellarius
824 305 936 366 noster
958 300 1047 365 venit
1070 305 1103 364 et

75 389 350 542 idstdiieiiiiems
374 388 546 475 diligenter
569 390 706 472 scriptas
730 387 842 454 attulit
865 392 899 453 et
922 389 1103 472 exemplum

530 634 661 700 XLVII.

42 769 59 809 5
277 755 334 812 Ser.
348 757 381 810 ia
401 757 558 812 Tusculano
575 755 620 810 Id.
635 755 708 812 Sext.
723 774 749 811 a.
766 759 822 811 709
841 759 909 824 (45).

390 879 536 934 CICERO
553 878 701 934 ATTICO
720 878 802 934 SAL.

151 985 428 1070 ‘Posteaquam
463 988 531 1052 abs
562 990 613 1072 te,
649 985 913 1073 Agamemno',
948 1009 1016 1051 non
1045 987 1103 1050 ‘ut

78 1073 272 1140 venirem'
303 1073 394 1162 (nam
421 1075 455 1139 id
483 1097 611 1159 quoque
637 1075 798 1157 fecissem,
825 1075 889 1156 uisi
917 1074 1102 1159 Torquatus

79 1159 199 1250 esset),
231 1162 286 1227 sed
314 1167 352 1227 ut
379 1163 566 1250 scriberem,
594 1163 749 1249 ‘tetigit
782 1184 894 1227 aures
927 1165 1103 1247 nuntius,

30 1280 63 1320 ro
80 1251 298 1334 extemplo'
321 1251 474 1315 instituta
493 1251 602 1336 omisi,
626 1273 671 1334 ea,
686 1273 767 1334 quae
785 1251 821 1314 iu
838 1251 989 1315 manibus
1007 1252 1104 1316 habe·

77 1341 168 1424 bam,
187 1338 301 1424 abieci,
320 1339 405 1422 quod
424 1341 574 1423 iusseras,
593 1338 726 1403 edolavi.
763 1337 814 1402 Tu
831 1339 928 1403 velim
947 1362 964 1403 e
981 1338 1103 1404 Pollice

78 1449 260 1513 cognoscas
295 1427 438 1492 rationes
470 1431 599 1492 nostras
633 1428 860 1511 sumptuarias.
912 1427 1020 1512 Turpe
1053 1431 1102 1492 est

79 1517 171 1582 enim
192 1516 288 1580 nobis
312 1516 419 1600 illum,
448 1516 689 1598 qualiscumque
713 1520 776 1598 est,
803 1514 866 1579 hoc
887 1516 993 1598 primo
1017 1537 1101 1579 anno

79 1625 187 1690 egere.
237 1603 318 1668 Post
349 1604 589 1668 moderabimur
621 1604 817 1689 diligentius.
867 1601 958 1667 Idem
988 1602 1102 1668 Pollex

32 1719 63 1760 15
78 1692 298 1758 remittendus
329 1697 393 1776 est,
424 1695 462 1756 ut
489 1692 545 1756 ille
572 1696 689 1756 cernat.
733 1690 832 1756 Plane
854 1690 1007 1756 Puteolos
1034 1713 1102 1755 non

79 1783 147 1846 fuit
171 1782 313 1846 eundum
335 1803 408 1846 cum
432 1780 539 1865 obeo,
563 1802 645 1864 quae
668 1779 709 1844 ad
726 1783 760 1843 te
779 1779 903 1864 scripsi,
925 1784 996 1843 tum
1015 1779 1102 1862 quod

79 1869 202 1935 Caesar
235 1869 333 1934 adest.
385 1868 556 1933 Dolabella
587 1868 700 1933 scribit
731 1889 765 1932 se
794 1868 835 1931 ad
864 1890 915 1932 me
944 1867 1102 1951 postridie

77 1957 169 2024 Idus.
217 1955 244 2020 Ο
266 1957 460 2042 magistrum
482 1958 668 2021 molestum!

517 2148 673 2214 XLVlIa.

37 2285 66 2324 2⁰
290 2271 348 2327 Ser.
363 2270 484 2326 Asturae
502 2272 559 2324 III
573 2271 610 2324 K.
626 2269 698 2325 Sext.
713 2288 739 2324 a.
756 2273 812 2325 709
832 2272 900 2339 (45).

389 2393 535 2449 CICERO
552 2393 698 2449 ATTICO
715 2393 798 2449 SAL.

151 2503 291 2586 Lepidus
324 2503 365 2568 ad
391 2524 442 2566 me
469 2500 540 2566 heri
567 2503 691 2586 vesperi
718 2502 845 2566 litteras
872 2501 963 2566 misit
992 2498 1103 2566 Antio.
1123 2517 1138 2566 1
1159 2519 1188 2571 (2)

81 2591 171 2657 Nam
193 2592 241 2655 ibi
264 2595 341 2656 erat.
387 2588 496 2654 Habet
520 2590 606 2654 enim
629 2591 770 2675 domum,
797 2611 894 2673 quam
917 2610 977 2654 uos
996 2590 1103 2654 vendi-

83 2681 200 2745 dimus.
246 2679 355 2764 Rogat
383 2698 501 2763 magno
532 2700 642 2763 opere,
670 2682 708 2742 ut
733 2678 796 2742 sim
818 2677 890 2741 Kal.
917 2678 953 2742 iu
976 2682 1103 2763 senatu3

42 2795 68 2836 aa
82 2791 135 2834 me
164 2772 197 2832 et
225 2767 289 2832 sibi
316 2770 349 2831 et
373 2765 502 2830 Caesari
530 2765 734 2830 vehementer
758 2769 888 2850 gratum
911 2787 981 2831 esse
1003 2766 1104 2831 factu-

82 2879 166 2922 rum.
216 2853 300 2919 Puto
333 2849 481 2938 equidem
512 2853 596 2918 nihil
626 2876 703 2918 esse.
753 2853 899 2918 Dixisset
928 2853 1015 2917 euim
1041 2854 1104 2918 tibi

83 2947 224 3009 fortasse
260 2943 383 3026 aliquid
413 2941 550 3026 Oppius,
581 2942 735 3026 quoniam
764 2940 887 3006 Balbus
918 2946 968 3006 est
999 2963 1102 3027 aeger.

84 3032 149 3099 Sed
177 3036 287 3097 tamen
315 3031 417 3095 malui
444 3031 553 3095 venire
580 3031 703 3096 frustra
733 3051 831 3114 quam
858 3030 1044 3113 desiderari,
1075 3031 1103 3094 si

85 3141 168 3205 opus
192 3123 284 3184 esset.
321 3119 459 3184 Moleste
477 3120 594 3184 ferrem
613 3122 735 3202 postea.
771 3118 885 3202 Itaque
903 3118 999 3182 hodie
1013 3117 1104 3199 Anti,

44 3231 155 3278 cocras
184 3211 259 3272 ante
282 3207 449 3272 meridiem
472 3207 568 3272 domi.
619 3205 668 3271 Tu
691 3207 801 3293 velim,
828 3206 893 3270 nisi
916 3209 949 3270 te
971 3205 1103 3288 impedi·

84 3297 172 3380 visti,
195 3297 282 3380 apud
304 3317 364 3360 nos
387 3317 433 3378 pr.
453 3295 524 3360 Kal.
544 3317 617 3360 cum
639 3294 732 3359 Pilia.

152 3385 198 3449 Te
226 3405 320 3468 spero
350 3406 422 3448 cum
449 3383 591 3448 Publilio
621 3383 802 3448 coniecisse.
848 3380 1009 3464 Equidem
1027 3380 1099 3445 Kal.
1119 3399 1135 3447 a
1155 3398 1185 3448 (³)

84 3475 121 3540 in
138 3473 357 3538 Tusculanum
379 3493 555 3558 recurram3
577 3493 629 3536 me
648 3471 734 3536 euim
752 3471 885 3536 absente
904 3468 1013 3534 omnia
1030 3491 1104 3534 cum
