2616 3884
172 172 238 236 204
493 171 530 226 M.
550 171 656 224 TULLI
674 168 862 225 CICERONIS

172 317 261 381 teriit
284 319 411 400 tempus
434 337 501 380 non
522 315 618 400 legis,
649 314 704 378 sed
725 312 869 378 libidinis
893 317 976 397 tuae,
1000 313 1050 376 fac
1074 315 1184 376 tamen

171 405 266 490 legis3
289 410 326 470 ut
348 404 542 489 succedatur,
565 404 756 488 decernitur,
778 402 912 486 impedis
932 402 1044 465 ebais:
1076 400 1182 465 ‘Habe

172 515 277 558 meam
308 493 487 557 rationem?
533 491 625 555 Habe
657 496 694 555 tu
725 494 878 555 nostram.
924 489 1113 554 Exercitum
1144 493 1183 552 tu

172 582 291 647 habeas
319 582 455 665 diutius,
486 602 582 664 quam
609 580 747 662 populus
775 579 884 664 iussit,
911 579 1015 642 invito
1045 578 1182 642 senatu?

174 670 358 754 ‘Depugnes
383 672 519 752 oportet,
541 668 605 730 nisi
628 667 793 732 concedis?
840 665 921 730 Cum
944 666 1029 731 bona
1053 666 1182 749 quidem
1209 689 1223 730 s

174 781 239 845 spe,
257 763 293 822 ut
312 759 357 822 ait
376 758 469 842 idem,
492 757 544 820 vel
561 756 707 828 vincendi
725 754 777 820 vel
795 755 830 818 in
847 754 997 818 libertate
1015 754 1181 818 moriendi.

172 846 256 931 lam,
284 846 312 910 si
338 845 547 930 pugnandum
575 848 637 928 est,
666 865 729 927 quo
757 847 915 927 tempore,
942 843 977 906 in
999 864 1090 926 casu,
1117 863 1183 925 quo

174 935 322 1018 oonsilio,
353 935 389 998 in
420 932 621 1016 temporibus
652 933 750 995 situm
778 935 834 995 est.
880 931 994 1014 Itaque
1023 935 1055 994 te
1082 931 1117 994 in
1146 951 1185 993 ea

174 1023 360 1106 quaestione
387 1043 454 1086 non
483 1042 626 1104 exerce03
658 1020 697 1084 ad
726 1041 774 1103 ea,
808 1041 888 1103 quae
916 1019 996 1104 dixi,
1026 1018 1127 1104 adfer,
1154 1018 1184 1082 si

174 1111 251 1194 quid
272 1110 380 1174 hahes.
426 1109 585 1194 Equidem
609 1109 676 1172 dies
699 1112 874 1191 noctesque
896 1112 1057 1191 torqueor.
1198 1132 1224 1171 ro

659 1301 698 1366 X.

173 1425 283 1479 Scauri
300 1426 393 1479 cubem
412 1424 490 1478 XIV
505 1424 554 1478 aab
572 1429 681 1549 mohab}
693 1423 847 1561 apanIH
861 1427 926 1478 onte
945 1423 1030 1477 lacem
1048 1421 1086 1476 K.
1102 1421 1183 1476 Febr.

585 1512 610 1548 a.
764 1537 769 1546 .

492 1615 620 1671 CICERO
637 1615 768 1670 ATTICO
788 1615 862 1670 SAL.

241 1724 356 1791 Subito
376 1726 546 1790 consilium
560 1726 637 1808 cepi,
656 1728 701 1809 ut,
721 1728 892 1807 antequam
905 1722 1035 1808 luceret,
1055 1723 1183 1808 exirem,
1197 1747 1223 1788 15

171 1836 213 1879 ne
236 1815 293 1898 qui
316 1818 503 1897 conspectus
526 1814 617 1877 fieret
639 1817 695 1876 aut
718 1827 832 1897 serm0,
854 1811 1024 1876 lictoribus
1042 1833 1184 1895 praesen

173 1904 233 1967 tim
264 1904 426 1968 laureatis.
471 1901 520 1965 De
547 1902 671 1984 reliquo
699 1922 801 1984 neque
828 1899 956 1964 hercule
985 1899 1062 1982 quid
1090 1920 1183 1984 agam

172 2012 276 2074 neque
301 1991 378 2074 quid
400 1993 529 2054 acturus
554 1990 623 2072 sim,
648 1989 727 2072 sci03
751 1989 797 2052 ita
820 2010 892 2052 sum
910 1988 1119 2071 perturbatus
1138 1992 1183 2051 te-

172 2078 321 2143 meritate
348 2079 452 2142 nostri
482 2077 695 2141 amentissimi
720 2077 854 2142 consilii.
900 2076 974 2139 Tibi
1001 2097 1076 2140 vero
1105 2076 1183 2159 quid

174 2166 336 2250 suadeam,
374 2166 488 2250 quoius
525 2167 593 2248 ipse
630 2165 800 2230 consilium
832 2164 1001 2248 exspecto?
1054 2161 1182 2228 Gnaeus
1196 2189 1223 2228 aa

175 2257 287 2318 noster
311 2254 388 2337 quid
410 2253 537 2318 consilii
560 2253 680 2337 ceperit
703 2254 856 2337 capiatve,
883 2253 1000 2335 nescio,
1023 2252 1126 2316 adhuc
1148 2253 1184 2316 in

174 2342 300 2425 oppidis
325 2346 487 2406 coartatus
512 2347 543 2406 et
568 2346 709 2425 stupens.
747 2340 874 2424 Omnes,
898 2341 926 2404 si
945 2341 979 2404 iu
996 2339 1092 2404 Italia
1110 2362 1183 2405 con-

174 2431 282 2515 sistat,
306 2431 424 2494 erimus
447 2453 524 2515 una,
553 2431 604 2494 sin
627 2431 725 2514 cedet,
748 2429 874 2494 consilii
895 2451 945 2492 res
970 2431 1027 2492 est.
1068 2427 1184 2492 Adhuc

174 2521 272 2602 certe,
299 2517 362 2581 nisi
386 2539 445 2602 ego
468 2519 605 2605 insanio,
636 2519 735 2582 stulte
758 2518 866 2582 omnia
889 2521 921 2581 et
943 2518 1078 2581 incaute.
1125 2516 1184 2602 Tu,

174 2627 306 2692 quaeso,
339 2607 450 2670 crebro
483 2607 523 2670 ad
554 2629 606 2670 me
640 2605 756 2692 scribe,
787 2606 839 2671 vel
871 2605 956 2689 quod
987 2605 1022 2668 in
1050 2605 1184 2669 buccam
1197 2630 1223 2670 2⁵

172 2695 304 2758 venerit.

649 2870 704 2934 XI.

215 2989 272 3046 Sor.
287 2991 320 3044 ia
339 2991 493 3060 Campania
511 2991 584 3046 trater
603 2992 682 3047 XIV
696 2997 721 3046 et
738 2992 789 3045 IX
805 2991 842 3046 K.
859 2989 939 3045 Febr.
955 3008 980 3044 a.
997 2994 1052 3046 705
1070 2994 1139 3059 (49).

492 3113 620 3168 CICERO
636 3112 767 3168 ATTICO
788 3113 861 3168 SAL.

137 3237 152 3286 1
240 3221 373 3308 Quaes0,
392 3221 470 3305 quid
489 3225 538 3284 est
555 3220 637 3286 hoc?
668 3225 723 3285 aut
743 3221 820 3305 quid
838 3221 968 3305 agitur?
996 3221 1078 3285 Mihi
1097 3221 1183 3286 enim
1196 3247 1223 3288 ao

171 3311 322 3376 tenebrae
346 3313 429 3373 sunt.
477 3307 683 3393 ‘Cingulum',
706 3309 821 3392 inquit,
845 3310 916 3372 ‘nos
939 3312 1095 3394 tenemus,
1117 3309 1183 3374 An-

172 3421 285 3464 conem
304 3399 482 3481 amisimus,
500 3396 660 3461 Labienus
680 3397 825 3461 discessit
841 3419 858 3460 a
873 3394 1028 3462 Caesare?
1063 3395 1183 3462 Utrum

172 3488 211 3551 de
238 3489 432 3573 imperatore
454 3485 566 3570 populi
588 3483 728 3550 Romani
751 3506 792 3549 an
814 3485 853 3548 de
875 3484 1057 3550 Hannibale
1079 3487 1184 3570 loqui-
