2564 3880
161 139 226 203 376
484 137 521 190 M.
541 133 651 191 TULEI
669 134 859 191 CICERONIS

621 331 722 396 XXX.

371 454 430 510 Sor.
444 455 566 509 Asturae
588 455 634 508 VI
648 454 686 509 K.
701 454 771 522 Apu
787 469 813 508 a.
830 455 885 508 709
905 455 974 521 (45).

468 576 613 632 CICERO
630 577 779 631 ATTICO
796 576 880 631 SAL.

127 707 141 754 1
229 685 364 771 Quaero,
387 685 474 768 quod
497 685 538 748 ad
561 689 594 749 te
617 686 766 772 scribam,
790 685 845 748 sed
862 684 947 749 nihil
965 687 1022 749 est.
1060 685 1179 750 Eadem

165 775 290 839 cotidie.
328 773 422 849 Quod
439 770 616 836 Lentulum
633 774 755 852 invisis,
774 773 866 837 valde
885 776 1023 856 gratum.
1060 772 1209 840 Pueross

163 863 306 928 attribue
329 862 367 946 ei,
391 865 471 944 quot
494 865 527 925 et
550 883 631 945 quos
654 862 825 926 videbitur.
862 860 912 925 De
932 859 991 924 Sili
1014 862 1178 926 voluntate

163 950 323 1015 vendendi
346 954 379 1013 et
402 949 441 1013 de
464 970 516 1033 eo,
543 949 671 1035 quanti,
698 953 737 1013 tu
759 949 864 1014 vereri
886 949 1013 1034 videris,
1041 951 1178 1033 primum

163 1061 204 1103 ne
230 1039 327 1123 nolit,
359 1037 471 1101 deinde
498 1060 540 1102 ne
570 1038 663 1102 tanti.
710 1037 802 1102 Sicca
825 1037 932 1122 aliter3
966 1038 1022 1102 sod
1044 1037 1103 1101 tibi
1128 1037 1179 1101 ad-

164 1127 294 1192 sentior.
341 1124 459 1212 Quare,
490 1129 527 1189 ut
559 1126 589 1189 ei
615 1126 752 1210 placuit,
784 1125 899 1210 scripsi
926 1126 968 1189 ad
994 1126 1178 1212 Egnatium.

164 1214 258 1291 Quod
281 1213 381 1278 Silius
408 1216 442 1277 te
470 1235 543 1277 oum
566 1211 680 1278 Clodio
708 1213 800 1297 loqui
822 1214 908 1300 vult,
940 1217 1034 1298 potes
1055 1213 1088 1277 id
1110 1236 1180 1277 mea
1192 1241 1213 1279 10

163 1303 332 1372 voluntate
361 1302 479 1385 facere,
512 1302 775 1386 commodiusque
803 1306 853 1366 est
877 1324 989 1388 quam,
1019 1301 1103 1387 quod
1126 1299 1181 1366 1111
1248 1313 1250 1406 l

129 1411 184 1457 aa
207 1412 258 1455 me
281 1391 374 1475 petit,
396 1411 448 1454 me
470 1391 579 1473 ipsum
602 1390 741 1454 scribere
765 1390 804 1454 ad
827 1389 987 1455 Clodium.
1024 1391 1073 1456 De
1094 1412 1181 1455 man-
1250 1412 1251 1462 l

164 1480 257 1563 oipiis
288 1475 505 1544 Castricianis
527 1477 825 1542 commodissimum
852 1500 923 1543 esse
955 1479 1048 1543 oredo
1076 1483 1183 1542 trans·
1251 1510 1252 1560 1

150 1568 252 1653 igere
274 1565 466 1652 Egnatium,
495 1566 581 1650 quod
610 1567 725 1630 scribis
753 1571 786 1630 te
801 1567 863 1637 ,111
890 1567 1037 1631 futurum
1059 1569 1181 1651 putare.
1252 1608 1253 1630 1

165 1655 246 1721 Cum
270 1655 365 1741 Ovia,
393 1676 527 1738 quaeso,
553 1654 626 1718 ride
649 1658 687 1718 ut
710 1655 908 1719 conficiatur.
955 1653 1124 1739 Quoniam,
1147 1658 1183 1718 ut
1195 1679 1215 1719 a

165 1745 289 1828 scribis,
311 1765 378 1808 nox
402 1747 480 1828 erat,
507 1743 542 1806 in
563 1742 720 1806 hodierna
744 1743 885 1826 epistula
906 1743 1000 1827 plura
1023 1748 1182 1827 exspecto.

617 1951 735 2018 XXXI.

375 2075 433 2130 Sor.
448 2075 569 2129 Asturae
586 2075 638 2128 IV
652 2075 690 2128 K.
705 2074 775 2143 Apr.
790 2093 816 2129 o.
833 2079 888 2130 709
908 2078 976 2144 (45).

470 2195 617 2251 CICERO
634 2196 782 2251 ATTICO
800 2197 883 2252 SAL.

130 2326 144 2372 1
233 2307 350 2372 Silium
368 2307 512 2369 mutasse
531 2305 726 2368 sententiam
746 2305 837 2370 Sicca
854 2306 1042 2371 mirabatur.
1084 2307 1218 2391 Equi-ao

165 2395 237 2458 dem
265 2391 370 2478 magis
400 2393 515 2479 miror,
543 2392 643 2475 quod,
673 2414 745 2458 oum
773 2394 808 2457 in
830 2394 936 2458 filium
959 2415 1088 2459 causam
1112 2417 1185 2459 con-

164 2483 278 2566 ferret,
310 2503 391 2565 quae
423 2479 505 2544 mihi
534 2502 602 2544 non
632 2479 754 2545 iniusta
786 2482 913 2546 videtur
947 2480 1061 2568 (habet
1090 2484 1185 2567 enim,

165 2571 294 2653 qualem
328 2567 428 2654 vult),
465 2569 512 2632 ais
542 2572 575 2632 te
610 2573 755 2655 putare,‘
782 2569 810 2634 11
838 2569 1053 2634 addiderimus
1087 2571 1187 2656 aliud,

166 2680 184 2723 a
208 2679 272 2742 quo
296 2657 446 2742 refugiat,
469 2678 542 2720 cum
561 2657 692 2741 abipso
712 2658 745 2720 id
762 2657 861 2722 fuerit
880 2658 1088 2744 destinatum,
1111 2681 1185 2724 ven-

129 2765 145 2813 1
165 2745 317 2809 diturum.
364 2744 498 2821 Quaeris
523 2767 541 2808 a
564 2767 625 2830 me,
651 2743 737 2828 quod
761 2768 922 2810 summum
946 2747 1088 2830 pretium
1112 2769 1220 2813 con-a

167 2834 301 2897 stituam
332 2836 364 2897 et
392 2837 550 2916 quantum
580 2834 703 2897 anteire
726 2834 808 2898 istos
830 2834 945 2899 hortos
969 2833 1078 2900 Drusi.
1124 2834 1185 2899 Ao-

166 2921 248 2986 cessi
270 2943 462 3006 numquam3
485 2918 707 3004 Coponianam
729 2923 842 2996 villam
861 2927 893 2987 et
911 2926 1054 2987 veterem
1073 2929 1102 2988 et
1118 2945 1185 2988 non

164 3031 316 3094 magnam
347 3009 439 3092 novi,
471 3009 585 3072 silvam
613 3009 770 3095 nobilem,
800 3012 943 3074 fructum
971 3015 1079 3076 autem
1108 3033 1185 3076 nou·

166 3098 259 3182 trius,
283 3097 368 3181 quod
392 3102 501 3160 tamen
524 3100 604 3180 puto
627 3119 688 3162 nos
712 3098 793 3162 scire
817 3103 974 3181 oportere.
1017 3099 1080 3164 Sed
1102 3099 1183 3164 milri

165 3187 282 3250 utrivis
300 3187 440 3250 istorum
458 3189 603 3267 tempore
620 3187 725 3271 magis
744 3208 816 3251 meo
832 3209 929 3270 quam
947 3188 1074 3252 ratione
1091 3189 1184 3252 aesti-
1196 3212 1220 3252 11

165 3274 274 3338 mandi
302 3278 387 3338 sunt.
432 3273 560 3338 Possim
589 3277 697 3336 autem
727 3275 860 3358 adsequi
889 3296 1004 3362 neone,
1026 3279 1063 3339 tu
1087 3276 1183 3340 velim

166 3363 297 3446 cogites.
356 3361 390 3426 Si
430 3361 516 3424 enim
552 3359 769 3424 Faberianum
804 3363 989 3447 venderem,
1024 3364 1184 3446 explicare

41 3493 44 3518 2
166 3451 218 3514 vel
253 3449 548 3532 repraesentatione
583 3469 650 3512 non
687 3448 869 3513 dubitarem
906 3451 944 3514 de
978 3450 1123 3537 Silianis,
1156 3452 1185 3516 si
