<?xml version="1.0" encoding="UTF-8"?>
<!DOCTYPE html PUBLIC "-//W3C//DTD XHTML 1.0 Transitional//EN"
    "http://www.w3.org/TR/xhtml1/DTD/xhtml1-transitional.dtd">
<html xmlns="http://www.w3.org/1999/xhtml" xml:lang="en" lang="en">
 <head>
  <title>
</title>
<meta http-equiv="Content-Type" content="text/html;charset=utf-8" />
  <meta name='ocr-system' content='tesseract 3.04.00' />
  <meta name='ocr-capabilities' content='ocr_page ocr_carea ocr_par ocr_line ocrx_word'/>
</head>
<body>
  <div class='ocr_page' id='page_1' title='image "./scriptaquaemans00mullgoog_0591.png"; bbox 0 0 2564 3880; ppageno 0'>
   <div class='ocr_carea' id='block_1_1' title="bbox 180 167 875 238">
    <p class='ocr_par' dir='ltr' id='par_1_1' title="bbox 180 167 875 238">
     <span class='ocr_line' id='line_1_1' title="bbox 180 167 875 238; baseline -0.007 -11"><span class='ocrx_word' id='word_1_1' title='bbox 180 173 245 238; x_wconf 80' lang='grc'>428</span> <span class='ocrx_word' id='word_1_2' title='bbox 501 171 540 226; x_wconf 85' lang='lat' dir='ltr'>M.</span> <span class='ocrx_word' id='word_1_3' title='bbox 560 171 667 226; x_wconf 75' lang='lat' dir='ltr'>Tum</span> <span class='ocrx_word' id='word_1_4' title='bbox 685 167 875 226; x_wconf 67' lang='lat' dir='ltr'>emenonis</span> 
     </span>
    </p>
   </div>
   <div class='ocr_carea' id='block_1_2' title="bbox 177 312 1250 822">
    <p class='ocr_par' dir='ltr' id='par_1_2' title="bbox 177 312 1250 822">
     <span class='ocr_line' id='line_1_2' title="bbox 177 312 1217 396; baseline -0.006 -15"><span class='ocrx_word' id='word_1_5' title='bbox 177 339 236 381; x_wconf 87' lang='lat' dir='ltr'>neo</span> <span class='ocrx_word' id='word_1_6' title='bbox 268 315 449 380; x_wconf 76' lang='lat' dir='ltr'>mehercule</span> <span class='ocrx_word' id='word_1_7' title='bbox 480 315 587 380; x_wconf 88' lang='lat' dir='ltr'>nostri</span> <span class='ocrx_word' id='word_1_8' title='bbox 620 313 848 378; x_wconf 77' lang='lat' dir='ltr'>studiosiorem</span> <span class='ocrx_word' id='word_1_9' title='bbox 880 312 974 376; x_wconf 83' lang='lat' dir='ltr'>facile</span> <span class='ocrx_word' id='word_1_10' title='bbox 1007 312 1217 396; x_wconf 78' lang='lat' dir='ltr'>delegissem</span> 
     </span>
     <span class='ocr_line' id='line_1_3' title="bbox 177 399 1217 489; baseline -0.006 -20"><span class='ocrx_word' id='word_1_11' title='bbox 177 405 347 489; x_wconf 82' lang='lat' dir='ltr'>Vestori03</span> <span class='ocrx_word' id='word_1_12' title='bbox 376 404 416 468; x_wconf 89' lang='lat' dir='ltr'>ad</span> <span class='ocrx_word' id='word_1_13' title='bbox 444 425 540 487; x_wconf 91' lang='lat' dir='ltr'>quem</span> <span class='ocrx_word' id='word_1_14' title='bbox 564 403 821 468; x_wconf 74' lang='lat' dir='ltr'>accuratissime</span> <span class='ocrx_word' id='word_1_15' title='bbox 844 401 972 465; x_wconf 90' lang='lat' dir='ltr'>litteras</span> <span class='ocrx_word' id='word_1_16' title='bbox 996 401 1083 487; x_wconf 82' lang='lat' dir='ltr'>dedi3</span> <span class='ocrx_word' id='word_1_17' title='bbox 1115 399 1217 484; x_wconf 91' lang='lat' dir='ltr'>quod</span> 
     </span>
     <span class='ocr_line' id='line_1_4' title="bbox 177 488 1216 574; baseline -0.006 -17"><span class='ocrx_word' id='word_1_18' title='bbox 177 493 263 557; x_wconf 90' lang='lat' dir='ltr'>idem</span> <span class='ocrx_word' id='word_1_19' title='bbox 285 496 318 556; x_wconf 95' lang='lat' dir='ltr'>te</span> <span class='ocrx_word' id='word_1_20' title='bbox 341 491 455 556; x_wconf 84' lang='lat' dir='ltr'>fecisse</span> <span class='ocrx_word' id='word_1_21' title='bbox 479 492 630 557; x_wconf 76' lang='lat' dir='ltr'>arbitror.</span> <span class='ocrx_word' id='word_1_22' title='bbox 670 490 753 555; x_wconf 90' lang='lat' dir='ltr'>Mihi</span> <span class='ocrx_word' id='word_1_23' title='bbox 778 488 908 574; x_wconf 92' lang='lat' dir='ltr'>quidem</span> <span class='ocrx_word' id='word_1_24' title='bbox 931 489 993 552; x_wconf 90' lang='lat' dir='ltr'>hoc</span> <span class='ocrx_word' id='word_1_25' title='bbox 1016 490 1098 553; x_wconf 84' lang='lat' dir='ltr'>satis</span> <span class='ocrx_word' id='word_1_26' title='bbox 1118 488 1216 552; x_wconf 80' lang='lat' dir='ltr'>vidc-</span> 
     </span>
     <span class='ocr_line' id='line_1_5' title="bbox 177 577 1214 664; baseline -0.005 -20"><span class='ocrx_word' id='word_1_27' title='bbox 177 585 240 645; x_wconf 89' lang='lat' dir='ltr'>tur.</span> <span class='ocrx_word' id='word_1_28' title='bbox 287 580 337 644; x_wconf 84' lang='lat' dir='ltr'>Tu</span> <span class='ocrx_word' id='word_1_29' title='bbox 365 581 444 664; x_wconf 91' lang='lat' dir='ltr'>quid</span> <span class='ocrx_word' id='word_1_30' title='bbox 471 580 573 644; x_wconf 76' lang='lat' dir='ltr'>dicis?</span> <span class='ocrx_word' id='word_1_31' title='bbox 610 578 720 644; x_wconf 87' lang='lat' dir='ltr'>Unum</span> <span class='ocrx_word' id='word_1_32' title='bbox 748 579 834 642; x_wconf 87' lang='lat' dir='ltr'>enirn</span> <span class='ocrx_word' id='word_1_33' title='bbox 860 577 992 662; x_wconf 87' lang='lat' dir='ltr'>pungit,</span> <span class='ocrx_word' id='word_1_34' title='bbox 1023 599 1065 642; x_wconf 92' lang='lat' dir='ltr'>ne</span> <span class='ocrx_word' id='word_1_35' title='bbox 1092 577 1214 660; x_wconf 73' lang='lat' dir='ltr'>negle</span> 
     </span>
     <span class='ocr_line' id='line_1_6' title="bbox 178 665 1250 754; baseline -0.003 -21"><span class='ocrx_word' id='word_1_36' title='bbox 178 669 342 754; x_wconf 88' lang='lat' dir='ltr'>gentiores</span> <span class='ocrx_word' id='word_1_37' title='bbox 370 690 440 732; x_wconf 87' lang='lat' dir='ltr'>esse</span> <span class='ocrx_word' id='word_1_38' title='bbox 467 668 640 733; x_wconf 82' lang='lat' dir='ltr'>videamur.</span> <span class='ocrx_word' id='word_1_39' title='bbox 687 666 894 750; x_wconf 81' lang='lat' dir='ltr'>Exspeotebo</span> <span class='ocrx_word' id='word_1_40' title='bbox 921 666 1025 751; x_wconf 89' lang='lat' dir='ltr'>igitur</span> <span class='ocrx_word' id='word_1_41' title='bbox 1047 670 1127 730; x_wconf 86' lang='lat' dir='ltr'>tuas</span> <span class='ocrx_word' id='word_1_42' title='bbox 1153 665 1214 729; x_wconf 79' lang='lat' dir='ltr'>lit</span> <span class='ocrx_word' id='word_1_43' title='bbox 1240 691 1250 730; x_wconf 75' lang='lat' dir='ltr'>s</span> 
     </span>
     <span class='ocr_line' id='line_1_7' title="bbox 177 761 272 822; baseline 0.011 -1"><span class='ocrx_word' id='word_1_44' title='bbox 177 761 272 822; x_wconf 89' lang='lat' dir='ltr'>teras.</span> 
     </span>
    </p>
   </div>
   <div class='ocr_carea' id='block_1_3' title="bbox 326 931 1052 1122">
    <p class='ocr_par' dir='ltr' id='par_1_3' title="bbox 326 931 1052 1122">
     <span class='ocr_line' id='line_1_8' title="bbox 630 931 745 997; baseline 0.009 -1"><span class='ocrx_word' id='word_1_45' title='bbox 630 931 745 997; x_wconf 86' lang='lat' dir='ltr'>XLVI.</span> 
     </span>
     <span class='ocr_line' id='line_1_9' title="bbox 326 1049 1052 1122; baseline -0.004 -15"><span class='ocrx_word' id='word_1_46' title='bbox 326 1053 383 1108; x_wconf 85' lang='lat' dir='ltr'>Sor.</span> <span class='ocrx_word' id='word_1_47' title='bbox 398 1053 430 1107; x_wconf 77' lang='lat' dir='ltr'>iu</span> <span class='ocrx_word' id='word_1_48' title='bbox 451 1052 610 1107; x_wconf 79' lang='lat' dir='ltr'>Tusculonc</span> <span class='ocrx_word' id='word_1_49' title='bbox 625 1053 701 1122; x_wconf 76' lang='lat' dir='ltr'>prid.</span> <span class='ocrx_word' id='word_1_50' title='bbox 715 1053 760 1107; x_wconf 82' lang='lat' dir='ltr'>Id.</span> <span class='ocrx_word' id='word_1_51' title='bbox 775 1051 848 1107; x_wconf 73' lang='lat' dir='ltr'>Sext.</span> <span class='ocrx_word' id='word_1_52' title='bbox 863 1069 889 1106; x_wconf 85' lang='lat' dir='ltr'>o.</span> <span class='ocrx_word' id='word_1_53' title='bbox 906 1055 962 1106; x_wconf 81' lang='lat'>709</span> <span class='ocrx_word' id='word_1_54' title='bbox 982 1049 1052 1118; x_wconf 79' lang='lat'><em>(45).</em></span> 
     </span>
    </p>
   </div>
   <div class='ocr_carea' id='block_1_4' title="bbox 486 1173 897 1230">
    <p class='ocr_par' dir='ltr' id='par_1_4' title="bbox 486 1173 897 1230">
     <span class='ocr_line' id='line_1_10' title="bbox 486 1173 897 1230; baseline -0.002 0"><span class='ocrx_word' id='word_1_55' title='bbox 486 1174 631 1230; x_wconf 78' lang='lat' dir='ltr'>OIOEBO</span> <span class='ocrx_word' id='word_1_56' title='bbox 648 1174 796 1230; x_wconf 80' lang='lat' dir='ltr'><strong><em>ATTICO</em></strong></span> <span class='ocrx_word' id='word_1_57' title='bbox 814 1173 897 1229; x_wconf 77' lang='lat' dir='ltr'>SAL.</span> 
     </span>
    </p>
   </div>
   <div class='ocr_carea' id='block_1_5' title="bbox 88 1280 1275 3480">
    <p class='ocr_par' dir='ltr' id='par_1_5' title="bbox 88 1280 1275 3480">
     <span class='ocr_line' id='line_1_11' title="bbox 144 1280 1275 1368; baseline 0.001 -19"><span class='ocrx_word' id='word_1_58' title='bbox 144 1302 158 1349; x_wconf 92' lang='lat'>1</span> <span class='ocrx_word' id='word_1_59' title='bbox 245 1282 359 1349; x_wconf 80' lang='lat' dir='ltr'>Pollex</span> <span class='ocrx_word' id='word_1_60' title='bbox 392 1284 535 1368; x_wconf 91' lang='lat' dir='ltr'>quidem,</span> <span class='ocrx_word' id='word_1_61' title='bbox 566 1289 604 1348; x_wconf 92' lang='lat' dir='ltr'>ut</span> <span class='ocrx_word' id='word_1_62' title='bbox 637 1283 762 1347; x_wconf 89' lang='lat' dir='ltr'>dixerat</span> <span class='ocrx_word' id='word_1_63' title='bbox 792 1283 833 1348; x_wconf 82' lang='lat' dir='ltr'>ed</span> <span class='ocrx_word' id='word_1_64' title='bbox 859 1282 937 1346; x_wconf 89' lang='lat' dir='ltr'>Idus</span> <span class='ocrx_word' id='word_1_65' title='bbox 966 1280 1124 1367; x_wconf 72' lang='lat' dir='ltr'>Sextiles,</span> <span class='ocrx_word' id='word_1_66' title='bbox 1159 1283 1208 1347; x_wconf 88' lang='lat' dir='ltr'>ita</span> <span class='ocrx_word' id='word_1_67' title='bbox 1221 1313 1245 1350; x_wconf 77' lang='grc' dir='ltr'>ιο</span> <span class='ocrx_word' id='word_1_68' title='bbox 1274 1291 1275 1362; x_wconf 49' lang='grc' dir='ltr'>ζ</span> 
     </span>
     <span class='ocr_line' id='line_1_12' title="bbox 178 1371 1275 1455; baseline -0.002 -19"><span class='ocrx_word' id='word_1_69' title='bbox 178 1371 260 1436; x_wconf 89' lang='lat' dir='ltr'>mihi</span> <span class='ocrx_word' id='word_1_70' title='bbox 283 1371 409 1437; x_wconf 78' lang='lat' dir='ltr'>Lanuvi</span> <span class='ocrx_word' id='word_1_71' title='bbox 427 1372 531 1455; x_wconf 89' lang='lat' dir='ltr'>pridie</span> <span class='ocrx_word' id='word_1_72' title='bbox 549 1371 626 1436; x_wconf 89' lang='lat' dir='ltr'>Idus</span> <span class='ocrx_word' id='word_1_73' title='bbox 645 1375 776 1455; x_wconf 81' lang='lat' dir='ltr'>praesto</span> <span class='ocrx_word' id='word_1_74' title='bbox 796 1371 868 1454; x_wconf 89' lang='lat' dir='ltr'>fuit,</span> <span class='ocrx_word' id='word_1_75' title='bbox 893 1371 949 1435; x_wconf 89' lang='lat' dir='ltr'>sed</span> <span class='ocrx_word' id='word_1_76' title='bbox 967 1371 1064 1453; x_wconf 91' lang='lat' dir='ltr'>plane</span> <span class='ocrx_word' id='word_1_77' title='bbox 1082 1371 1207 1454; x_wconf 85' lang='lat' dir='ltr'>pollex,</span> <span class='ocrx_word' id='word_1_78' title='bbox 1274 1371 1275 1386; x_wconf 59' lang='lat'>¹</span> 
     </span>
     <span class='ocr_line' id='line_1_13' title="bbox 144 1458 1207 1546; baseline -0.001 -21"><span class='ocrx_word' id='word_1_79' title='bbox 144 1477 245 1525; x_wconf 74' lang='lat' dir='ltr'>enon</span> <span class='ocrx_word' id='word_1_80' title='bbox 272 1461 376 1525; x_wconf 85' lang='lat' dir='ltr'>index.</span> <span class='ocrx_word' id='word_1_81' title='bbox 423 1459 607 1545; x_wconf 75' lang='lat' dir='ltr'>Cognosces</span> <span class='ocrx_word' id='word_1_82' title='bbox 636 1459 739 1546; x_wconf 89' lang='lat' dir='ltr'>igitur</span> <span class='ocrx_word' id='word_1_83' title='bbox 763 1481 801 1523; x_wconf 93' lang='lat' dir='ltr'>ex</span> <span class='ocrx_word' id='word_1_84' title='bbox 824 1459 906 1542; x_wconf 89' lang='lat' dir='ltr'>ipsc.</span> <span class='ocrx_word' id='word_1_85' title='bbox 963 1458 1104 1523; x_wconf 78' lang='lat' dir='ltr'>Balbum</span> <span class='ocrx_word' id='word_1_86' title='bbox 1131 1481 1207 1524; x_wconf 91' lang='lat' dir='ltr'>con·</span> 
     </span>
     <span class='ocr_line' id='line_1_14' title="bbox 88 1546 1205 1632; baseline 0 -20"><span class='ocrx_word' id='word_1_87' title='bbox 88 1559 91 1566; x_wconf 89' lang='lat'>&#39;</span> <span class='ocrx_word' id='word_1_88' title='bbox 179 1549 262 1612; x_wconf 84' lang='lat' dir='ltr'>veni.</span> <span class='ocrx_word' id='word_1_89' title='bbox 298 1548 402 1632; x_wconf 81' lang='lat' dir='ltr'>Lepta</span> <span class='ocrx_word' id='word_1_90' title='bbox 426 1549 513 1612; x_wconf 90' lang='lat' dir='ltr'>enirn</span> <span class='ocrx_word' id='word_1_91' title='bbox 531 1548 569 1611; x_wconf 90' lang='lat' dir='ltr'>de</span> <span class='ocrx_word' id='word_1_92' title='bbox 589 1570 647 1612; x_wconf 85' lang='lat' dir='ltr'>sue</span> <span class='ocrx_word' id='word_1_93' title='bbox 668 1548 733 1630; x_wconf 67' lang='lat' dir='ltr'>Jfvi</span> <span class='ocrx_word' id='word_1_94' title='bbox 755 1547 957 1612; x_wconf 80' lang='lat' dir='ltr'>incuratione</span> <span class='ocrx_word' id='word_1_95' title='bbox 974 1546 1132 1612; x_wconf 74' lang='lat' dir='ltr'>laborans</span> <span class='ocrx_word' id='word_1_96' title='bbox 1152 1570 1205 1612; x_wconf 91' lang='lat' dir='ltr'>me</span> 
     </span>
     <span class='ocr_line' id='line_1_15' title="bbox 180 1633 1205 1721; baseline 0.001 -21"><span class='ocrx_word' id='word_1_97' title='bbox 180 1637 220 1700; x_wconf 88' lang='lat' dir='ltr'>ad</span> <span class='ocrx_word' id='word_1_98' title='bbox 243 1659 316 1701; x_wconf 91' lang='lat' dir='ltr'>eum</span> <span class='ocrx_word' id='word_1_99' title='bbox 339 1637 541 1720; x_wconf 83' lang='lat' dir='ltr'>perduxerat.</span> <span class='ocrx_word' id='word_1_100' title='bbox 578 1633 618 1700; x_wconf 89' lang='lat' dir='ltr'>ln</span> <span class='ocrx_word' id='word_1_101' title='bbox 640 1657 678 1699; x_wconf 93' lang='lat' dir='ltr'>co</span> <span class='ocrx_word' id='word_1_102' title='bbox 702 1639 811 1700; x_wconf 84' lang='lat' dir='ltr'>autem</span> <span class='ocrx_word' id='word_1_103' title='bbox 834 1634 1014 1721; x_wconf 84' lang='lat' dir='ltr'>Lanuvino,</span> <span class='ocrx_word' id='word_1_104' title='bbox 1037 1637 1127 1718; x_wconf 89' lang='lat' dir='ltr'>quod</span> <span class='ocrx_word' id='word_1_105' title='bbox 1146 1637 1205 1700; x_wconf 80' lang='lat' dir='ltr'>Le</span> 
     </span>
     <span class='ocr_line' id='line_1_16' title="bbox 178 1721 1275 1807; baseline 0.002 -18"><span class='ocrx_word' id='word_1_106' title='bbox 178 1725 255 1807; x_wconf 91' lang='lat' dir='ltr'>pido</span> <span class='ocrx_word' id='word_1_107' title='bbox 279 1725 420 1789; x_wconf 84' lang='lat' dir='ltr'>tradidit.</span> <span class='ocrx_word' id='word_1_108' title='bbox 466 1725 518 1789; x_wconf 83' lang='lat' dir='ltr'>Ex</span> <span class='ocrx_word' id='word_1_109' title='bbox 543 1745 580 1787; x_wconf 94' lang='lat' dir='ltr'>eo</span> <span class='ocrx_word' id='word_1_110' title='bbox 603 1724 665 1788; x_wconf 93' lang='lat' dir='ltr'>hoc</span> <span class='ocrx_word' id='word_1_111' title='bbox 688 1724 843 1807; x_wconf 90' lang='lat' dir='ltr'>primum:</span> <span class='ocrx_word' id='word_1_112' title='bbox 877 1723 990 1787; x_wconf 79' lang='lat' dir='ltr'>‘Paulo</span> <span class='ocrx_word' id='word_1_113' title='bbox 1014 1727 1091 1787; x_wconf 88' lang='lat' dir='ltr'>ante</span> <span class='ocrx_word' id='word_1_114' title='bbox 1114 1747 1204 1789; x_wconf 78' lang='lat' dir='ltr'>acce</span> <span class='ocrx_word' id='word_1_115' title='bbox 1217 1752 1239 1791; x_wconf 78' lang='lat'>15</span> <span class='ocrx_word' id='word_1_116' title='bbox 1274 1721 1275 1804; x_wconf 66' lang='lat' dir='ltr'>l</span> 
     </span>
     <span class='ocr_line' id='line_1_17' title="bbox 178 1811 1203 1898; baseline 0.001 -22"><span class='ocrx_word' id='word_1_117' title='bbox 178 1834 289 1897; x_wconf 83' lang='lat' dir='ltr'>perum</span> <span class='ocrx_word' id='word_1_118' title='bbox 316 1835 371 1877; x_wconf 88' lang='lat' dir='ltr'>eas</span> <span class='ocrx_word' id='word_1_119' title='bbox 397 1812 538 1898; x_wconf 86' lang='lat' dir='ltr'>litteras,</span> <span class='ocrx_word' id='word_1_120' title='bbox 566 1813 602 1874; x_wconf 93' lang='lat' dir='ltr'>in</span> <span class='ocrx_word' id='word_1_121' title='bbox 626 1811 744 1896; x_wconf 90' lang='lat' dir='ltr'>quibus</span> <span class='ocrx_word' id='word_1_122' title='bbox 768 1832 886 1895; x_wconf 88' lang='lat' dir='ltr'>magno</span> <span class='ocrx_word' id='word_1_123' title='bbox 911 1833 1006 1896; x_wconf 92' lang='lat' dir='ltr'>opere</span> <span class='ocrx_word' id='word_1_124' title='bbox 1030 1813 1203 1877; x_wconf 87' lang='lat' dir='ltr'>confirmat</span> 
     </span>
     <span class='ocr_line' id='line_1_18' title="bbox 179 1899 1201 1984; baseline 0.001 -20"><span class='ocrx_word' id='word_1_125' title='bbox 179 1905 254 1964; x_wconf 90' lang='lat' dir='ltr'>ante</span> <span class='ocrx_word' id='word_1_126' title='bbox 276 1901 370 1966; x_wconf 88' lang='lat' dir='ltr'>ludos</span> <span class='ocrx_word' id='word_1_127' title='bbox 393 1899 580 1965; x_wconf 65' lang='lat' dir='ltr'>Romanos?</span> <span class='ocrx_word' id='word_1_128' title='bbox 612 1899 693 1984; x_wconf 85' lang='lat' dir='ltr'>Legi</span> <span class='ocrx_word' id='word_1_129' title='bbox 716 1900 898 1983; x_wconf 77' lang='lat' dir='ltr'>epistulam.</span> <span class='ocrx_word' id='word_1_130' title='bbox 936 1899 1042 1964; x_wconf 82' lang='lat' dir='ltr'>Mults</span> <span class='ocrx_word' id='word_1_131' title='bbox 1066 1901 1105 1964; x_wconf 90' lang='lat' dir='ltr'>de</span> <span class='ocrx_word' id='word_1_132' title='bbox 1129 1923 1201 1966; x_wconf 91' lang='lat' dir='ltr'>meo</span> 
     </span>
     <span class='ocr_line' id='line_1_19' title="bbox 180 1987 1201 2073; baseline 0 -19"><span class='ocrx_word' id='word_1_133' title='bbox 180 1987 317 2073; x_wconf 81' lang='lat' dir='ltr'>Catone,</span> <span class='ocrx_word' id='word_1_134' title='bbox 347 2010 410 2073; x_wconf 92' lang='lat' dir='ltr'>quo</span> <span class='ocrx_word' id='word_1_135' title='bbox 441 1989 625 2072; x_wconf 86' lang='lat' dir='ltr'>saepissime</span> <span class='ocrx_word' id='word_1_136' title='bbox 652 1988 787 2073; x_wconf 87' lang='lat' dir='ltr'>legendo</span> <span class='ocrx_word' id='word_1_137' title='bbox 816 2009 850 2052; x_wconf 90' lang='lat' dir='ltr'>se</span> <span class='ocrx_word' id='word_1_138' title='bbox 878 1987 957 2052; x_wconf 91' lang='lat' dir='ltr'>dicit</span> <span class='ocrx_word' id='word_1_139' title='bbox 984 1988 1201 2072; x_wconf 88' lang='lat' dir='ltr'>copiosiorem</span> 
     </span>
     <span class='ocr_line' id='line_1_20' title="bbox 179 2075 1199 2162; baseline 0.005 -22"><span class='ocrx_word' id='word_1_140' title='bbox 179 2077 309 2162; x_wconf 83' lang='lat' dir='ltr'>fuctum,</span> <span class='ocrx_word' id='word_1_141' title='bbox 338 2078 434 2142; x_wconf 88' lang='lat' dir='ltr'>Bruti</span> <span class='ocrx_word' id='word_1_142' title='bbox 466 2076 587 2141; x_wconf 80' lang='lat' dir='ltr'>Catone</span> <span class='ocrx_word' id='word_1_143' title='bbox 618 2077 702 2141; x_wconf 90' lang='lat' dir='ltr'>lecto</span> <span class='ocrx_word' id='word_1_144' title='bbox 735 2088 769 2140; x_wconf 84' lang='lat' dir='ltr'>se¹</span> <span class='ocrx_word' id='word_1_145' title='bbox 800 2076 864 2140; x_wconf 90' lang='lat' dir='ltr'>sibi</span> <span class='ocrx_word' id='word_1_146' title='bbox 896 2075 1003 2140; x_wconf 83' lang='lat' dir='ltr'>visum</span> <span class='ocrx_word' id='word_1_147' title='bbox 1033 2075 1199 2142; x_wconf 85' lang='lat' dir='ltr'>disertum.</span> 
     </span>
     <span class='ocr_line' id='line_1_21' title="bbox 144 2161 1275 2250; baseline 0.003 -21"><span class='ocrx_word' id='word_1_148' title='bbox 144 2167 263 2230; x_wconf 79' lang='lat' dir='ltr'>eTum</span> <span class='ocrx_word' id='word_1_149' title='bbox 297 2188 336 2230; x_wconf 92' lang='lat' dir='ltr'>ex</span> <span class='ocrx_word' id='word_1_150' title='bbox 371 2187 408 2230; x_wconf 90' lang='lat' dir='ltr'>eo</span> <span class='ocrx_word' id='word_1_151' title='bbox 441 2165 579 2250; x_wconf 83' lang='lat' dir='ltr'>cognovi</span> <span class='ocrx_word' id='word_1_152' title='bbox 611 2165 786 2229; x_wconf 86' lang='lat' dir='ltr'>cretionem</span> <span class='ocrx_word' id='word_1_153' title='bbox 818 2161 914 2228; x_wconf 79' lang='lat' dir='ltr'>Cluvi</span> <span class='ocrx_word' id='word_1_154' title='bbox 944 2163 979 2250; x_wconf 79' lang='grc' dir='ltr'>(ο</span> <span class='ocrx_word' id='word_1_155' title='bbox 1010 2163 1199 2231; x_wconf 84' lang='lat' dir='ltr'>Vestorium</span> <span class='ocrx_word' id='word_1_156' title='bbox 1213 2195 1236 2233; x_wconf 74' lang='lat' dir='ltr'>so</span> <span class='ocrx_word' id='word_1_157' title='bbox 1274 2165 1275 2244; x_wconf 59' lang='lat' dir='ltr'>i</span> 
     </span>
     <span class='ocr_line' id='line_1_22' title="bbox 178 2251 1275 2339; baseline 0.002 -22"><span class='ocrx_word' id='word_1_158' title='bbox 178 2251 431 2339; x_wconf 79' lang='lat' dir='ltr'>neglegentemt)</span> <span class='ocrx_word' id='word_1_159' title='bbox 454 2254 588 2318; x_wconf 83' lang='lat' dir='ltr'>liberem</span> <span class='ocrx_word' id='word_1_160' title='bbox 614 2253 791 2316; x_wconf 87' lang='lat' dir='ltr'>cretionem</span> <span class='ocrx_word' id='word_1_161' title='bbox 813 2252 954 2316; x_wconf 89' lang='lat' dir='ltr'>testibus</span> <span class='ocrx_word' id='word_1_162' title='bbox 973 2254 1198 2335; x_wconf 88' lang='lat' dir='ltr'>praesentibus</span> <span class='ocrx_word' id='word_1_163' title='bbox 1274 2261 1275 2292; x_wconf 72' lang='lat'>³</span> 
     </span>
     <span class='ocr_line' id='line_1_23' title="bbox 180 2341 1275 2426; baseline 0.004 -22"><span class='ocrx_word' id='word_1_164' title='bbox 180 2342 349 2426; x_wconf 87' lang='lat' dir='ltr'>sexaginta</span> <span class='ocrx_word' id='word_1_165' title='bbox 367 2341 488 2406; x_wconf 90' lang='lat' dir='ltr'>diebus.</span> <span class='ocrx_word' id='word_1_166' title='bbox 525 2341 721 2425; x_wconf 83' lang='lat' dir='ltr'>Metuebem,</span> <span class='ocrx_word' id='word_1_167' title='bbox 742 2362 784 2404; x_wconf 92' lang='lat' dir='ltr'>ne</span> <span class='ocrx_word' id='word_1_168' title='bbox 802 2341 858 2404; x_wconf 89' lang='lat' dir='ltr'>ille</span> <span class='ocrx_word' id='word_1_169' title='bbox 876 2341 1086 2406; x_wconf 88' lang='lat' dir='ltr'>arcessendus</span> <span class='ocrx_word' id='word_1_170' title='bbox 1106 2348 1197 2408; x_wconf 91' lang='lat' dir='ltr'>esset.</span> <span class='ocrx_word' id='word_1_171' title='bbox 1274 2375 1275 2384; x_wconf 46' lang='lat'>¹</span> 
     </span>
     <span class='ocr_line' id='line_1_24' title="bbox 179 2428 1198 2516; baseline 0.003 -24"><span class='ocrx_word' id='word_1_172' title='bbox 179 2428 275 2492; x_wconf 91' lang='lat' dir='ltr'>Nunc</span> <span class='ocrx_word' id='word_1_173' title='bbox 297 2429 491 2494; x_wconf 90' lang='lat' dir='ltr'>mittendum</span> <span class='ocrx_word' id='word_1_174' title='bbox 514 2433 572 2512; x_wconf 85' lang='lat' dir='ltr'>est,</span> <span class='ocrx_word' id='word_1_175' title='bbox 594 2432 633 2491; x_wconf 88' lang='lat' dir='ltr'>nt</span> <span class='ocrx_word' id='word_1_176' title='bbox 655 2451 727 2492; x_wconf 89' lang='lat' dir='ltr'>meo</span> <span class='ocrx_word' id='word_1_177' title='bbox 751 2429 842 2493; x_wconf 90' lang='lat' dir='ltr'>iussu</span> <span class='ocrx_word' id='word_1_178' title='bbox 866 2432 984 2494; x_wconf 87' lang='lat' dir='ltr'>cernat.</span> <span class='ocrx_word' id='word_1_179' title='bbox 1027 2428 1118 2495; x_wconf 83' lang='lat' dir='ltr'>Idem</span> <span class='ocrx_word' id='word_1_180' title='bbox 1140 2433 1198 2516; x_wconf 92' lang='lat' dir='ltr'>igi-</span> 
     </span>
     <span class='ocr_line' id='line_1_25' title="bbox 179 2515 1196 2601; baseline 0.005 -22"><span class='ocrx_word' id='word_1_181' title='bbox 179 2520 233 2580; x_wconf 92' lang='lat' dir='ltr'>tur</span> <span class='ocrx_word' id='word_1_182' title='bbox 256 2516 376 2581; x_wconf 91' lang='lat' dir='ltr'>Pollex.</span> <span class='ocrx_word' id='word_1_183' title='bbox 414 2517 526 2581; x_wconf 84' lang='lat' dir='ltr'>Etiam</span> <span class='ocrx_word' id='word_1_184' title='bbox 549 2517 586 2580; x_wconf 89' lang='lat' dir='ltr'>de</span> <span class='ocrx_word' id='word_1_185' title='bbox 609 2517 714 2580; x_wconf 90' lang='lat' dir='ltr'>hortis</span> <span class='ocrx_word' id='word_1_186' title='bbox 735 2515 900 2582; x_wconf 76' lang='lat' dir='ltr'>Cluuianis</span> <span class='ocrx_word' id='word_1_187' title='bbox 921 2517 974 2601; x_wconf 90' lang='lat' dir='ltr'>egi</span> <span class='ocrx_word' id='word_1_188' title='bbox 992 2538 1067 2581; x_wconf 89' lang='lat' dir='ltr'>curn</span> <span class='ocrx_word' id='word_1_189' title='bbox 1086 2518 1196 2584; x_wconf 87' lang='lat' dir='ltr'>Balbo.</span> 
     </span>
     <span class='ocr_line' id='line_1_26' title="bbox 179 2602 1275 2692; baseline 0.005 -25"><span class='ocrx_word' id='word_1_190' title='bbox 179 2602 238 2666; x_wconf 92' lang='lat' dir='ltr'>Nil</span> <span class='ocrx_word' id='word_1_191' title='bbox 264 2604 441 2668; x_wconf 87' lang='lat' dir='ltr'>liberalius.</span> <span class='ocrx_word' id='word_1_192' title='bbox 488 2603 530 2669; x_wconf 85' lang='lat' dir='ltr'>Se</span> <span class='ocrx_word' id='word_1_193' title='bbox 553 2604 641 2669; x_wconf 91' lang='lat' dir='ltr'>enim</span> <span class='ocrx_word' id='word_1_194' title='bbox 668 2605 781 2669; x_wconf 83' lang='lat' dir='ltr'>stetim</span> <span class='ocrx_word' id='word_1_195' title='bbox 805 2606 845 2669; x_wconf 84' lang='lat' dir='ltr'>ad</span> <span class='ocrx_word' id='word_1_196' title='bbox 869 2603 1040 2670; x_wconf 82' lang='lat' dir='ltr'>Caesarem</span> <span class='ocrx_word' id='word_1_197' title='bbox 1064 2609 1196 2692; x_wconf 89' lang='lat' dir='ltr'>scriptu·</span> <span class='ocrx_word' id='word_1_198' title='bbox 1211 2635 1233 2674; x_wconf 75' lang='lat'>25</span> <span class='ocrx_word' id='word_1_199' title='bbox 1274 2633 1275 2642; x_wconf 53' lang='lat'>¹</span> 
     </span>
     <span class='ocr_line' id='line_1_27' title="bbox 179 2689 1275 2778; baseline 0.006 -23"><span class='ocrx_word' id='word_1_200' title='bbox 179 2714 261 2776; x_wconf 90' lang='lat' dir='ltr'>rum,</span> <span class='ocrx_word' id='word_1_201' title='bbox 285 2689 436 2757; x_wconf 76' lang='lat' dir='ltr'>Cluvium</span> <span class='ocrx_word' id='word_1_202' title='bbox 460 2697 569 2757; x_wconf 87' lang='lat' dir='ltr'>autem</span> <span class='ocrx_word' id='word_1_203' title='bbox 593 2715 611 2757; x_wconf 80' lang='lat' dir='ltr'>a</span> <span class='ocrx_word' id='word_1_204' title='bbox 635 2692 671 2756; x_wconf 84' lang='grc' dir='ltr'>Τ,</span> <span class='ocrx_word' id='word_1_205' title='bbox 690 2692 877 2757; x_wconf 89' lang='lat' dir='ltr'>Hordeonio</span> <span class='ocrx_word' id='word_1_206' title='bbox 900 2694 1009 2778; x_wconf 84' lang='lat' dir='ltr'>legere</span> <span class='ocrx_word' id='word_1_207' title='bbox 1032 2697 1066 2757; x_wconf 90' lang='lat' dir='ltr'>et</span> <span class='ocrx_word' id='word_1_208' title='bbox 1084 2695 1197 2760; x_wconf 79' lang='lat' dir='ltr'>Teren·</span> <span class='ocrx_word' id='word_1_209' title='bbox 1274 2735 1275 2762; x_wconf 78' lang='lat'>1</span> 
     </span>
     <span class='ocr_line' id='line_1_28' title="bbox 178 2779 1275 2865; baseline 0.005 -22"><span class='ocrx_word' id='word_1_210' title='bbox 178 2780 243 2843; x_wconf 87' lang='lat' dir='ltr'>tiae</span> <span class='ocrx_word' id='word_1_211' title='bbox 257 2779 314 2844; x_wconf 84' lang='lat' dir='ltr'>Hs</span> <span class='ocrx_word' id='word_1_212' title='bbox 328 2800 406 2864; x_wconf 79' lang='lat' dir='ltr'>loeo</span> <span class='ocrx_word' id='word_1_213' title='bbox 427 2785 459 2844; x_wconf 92' lang='lat' dir='ltr'>et</span> <span class='ocrx_word' id='word_1_214' title='bbox 478 2782 624 2865; x_wconf 89' lang='lat' dir='ltr'>sepulcro</span> <span class='ocrx_word' id='word_1_215' title='bbox 644 2781 822 2864; x_wconf 92' lang='lat' dir='ltr'>multisque</span> <span class='ocrx_word' id='word_1_216' title='bbox 838 2781 944 2864; x_wconf 87' lang='lat' dir='ltr'>rebus,</span> <span class='ocrx_word' id='word_1_217' title='bbox 958 2781 1042 2845; x_wconf 89' lang='lat' dir='ltr'>nihil</span> <span class='ocrx_word' id='word_1_218' title='bbox 1059 2805 1079 2846; x_wconf 80' lang='lat' dir='ltr'>a,</span> <span class='ocrx_word' id='word_1_219' title='bbox 1095 2785 1195 2849; x_wconf 90' lang='lat' dir='ltr'>nobis.</span> <span class='ocrx_word' id='word_1_220' title='bbox 1274 2815 1275 2818; x_wconf 40' lang='lat'>¹</span> 
     </span>
     <span class='ocr_line' id='line_1_29' title="bbox 180 2866 1275 2955; baseline 0.004 -22"><span class='ocrx_word' id='word_1_221' title='bbox 180 2866 377 2955; x_wconf 84' lang='lat' dir='ltr'>Subaccusa,</span> <span class='ocrx_word' id='word_1_222' title='bbox 404 2891 524 2952; x_wconf 89' lang='lat' dir='ltr'>quaeso</span> <span class='ocrx_word' id='word_1_223' title='bbox 530 2920 539 2953; x_wconf 92' lang='lat'><em>‚</em></span> <span class='ocrx_word' id='word_1_224' title='bbox 567 2869 765 2934; x_wconf 91' lang='lat' dir='ltr'>Vestorium.</span> <span class='ocrx_word' id='word_1_225' title='bbox 816 2868 901 2945; x_wconf 81' lang='lat' dir='ltr'>Quid</span> <span class='ocrx_word' id='word_1_226' title='bbox 927 2870 1036 2933; x_wconf 88' lang='lat' dir='ltr'>minus</span> <span class='ocrx_word' id='word_1_227' title='bbox 1063 2872 1196 2954; x_wconf 81' lang='lat' dir='ltr'>proban·</span> <span class='ocrx_word' id='word_1_228' title='bbox 1274 2891 1275 2952; x_wconf 74' lang='lat' dir='ltr'>f</span> 
     </span>
     <span class='ocr_line' id='line_1_30' title="bbox 179 2956 1275 3043; baseline 0.006 -24"><span class='ocrx_word' id='word_1_229' title='bbox 179 2956 255 3020; x_wconf 91' lang='lat' dir='ltr'>dum</span> <span class='ocrx_word' id='word_1_230' title='bbox 292 2979 389 3040; x_wconf 88' lang='lat' dir='ltr'>quarn</span> <span class='ocrx_word' id='word_1_231' title='bbox 421 2956 566 3021; x_wconf 88' lang='lat' dir='ltr'>Plotium</span> <span class='ocrx_word' id='word_1_232' title='bbox 598 2958 850 3042; x_wconf 88' lang='lat' dir='ltr'>unguentarium</span> <span class='ocrx_word' id='word_1_233' title='bbox 882 2979 939 3041; x_wconf 90' lang='lat' dir='ltr'>per</span> <span class='ocrx_word' id='word_1_234' title='bbox 972 2979 1049 3022; x_wconf 89' lang='lat' dir='ltr'>suos</span> <span class='ocrx_word' id='word_1_235' title='bbox 1082 2982 1195 3043; x_wconf 90' lang='lat' dir='ltr'>pueros</span> <span class='ocrx_word' id='word_1_236' title='bbox 1274 2975 1275 3042; x_wconf 62' lang='lat' dir='ltr'>j</span> 
     </span>
     <span class='ocr_line' id='line_1_31' title="bbox 180 3043 1275 3133; baseline 0.007 -26"><span class='ocrx_word' id='word_1_237' title='bbox 180 3045 288 3108; x_wconf 89' lang='lat' dir='ltr'>onmia</span> <span class='ocrx_word' id='word_1_238' title='bbox 316 3047 409 3109; x_wconf 82' lang='lat' dir='ltr'>tento</span> <span class='ocrx_word' id='word_1_239' title='bbox 439 3049 514 3108; x_wconf 83' lang='lat' dir='ltr'>ante</span> <span class='ocrx_word' id='word_1_240' title='bbox 536 3045 656 3129; x_wconf 89' lang='lat' dir='ltr'>Balbo,</span> <span class='ocrx_word' id='word_1_241' title='bbox 683 3046 776 3110; x_wconf 89' lang='lat' dir='ltr'>illum</span> <span class='ocrx_word' id='word_1_242' title='bbox 803 3047 849 3110; x_wconf 90' lang='lat' dir='ltr'>rni</span> <span class='ocrx_word' id='word_1_243' title='bbox 871 3068 912 3110; x_wconf 91' lang='lat' dir='ltr'>ne</span> <span class='ocrx_word' id='word_1_244' title='bbox 934 3068 992 3129; x_wconf 88' lang='lat' dir='ltr'>per</span> <span class='ocrx_word' id='word_1_245' title='bbox 1014 3069 1106 3112; x_wconf 88' lang='lat' dir='ltr'>meos</span> <span class='ocrx_word' id='word_1_246' title='bbox 1129 3051 1195 3133; x_wconf 92' lang='lat' dir='ltr'>qui·</span> <span class='ocrx_word' id='word_1_247' title='bbox 1208 3078 1232 3116; x_wconf 81' lang='lat' dir='ltr'>ao</span> <span class='ocrx_word' id='word_1_248' title='bbox 1274 3043 1275 3076; x_wconf 69' lang='lat'><em>³</em></span> 
     </span>
     <span class='ocr_line' id='line_1_32' title="bbox 143 3131 979 3219; baseline 0.002 -23"><span class='ocrx_word' id='word_1_249' title='bbox 143 3149 161 3196; x_wconf 82' lang='lat'><strong>4</strong></span> <span class='ocrx_word' id='word_1_250' title='bbox 181 3132 274 3196; x_wconf 75' lang='lat' dir='ltr'>dem?</span> <span class='ocrx_word' id='word_1_251' title='bbox 311 3131 360 3196; x_wconf 91' lang='lat' dir='ltr'>Dc</span> <span class='ocrx_word' id='word_1_252' title='bbox 383 3131 533 3197; x_wconf 76' lang='lat' dir='ltr'>Cossinio</span> <span class='ocrx_word' id='word_1_253' title='bbox 557 3132 663 3219; x_wconf 80' lang='lat' dir='ltr'>dole03</span> <span class='ocrx_word' id='word_1_254' title='bbox 687 3133 784 3198; x_wconf 91' lang='lat' dir='ltr'>dilexi</span> <span class='ocrx_word' id='word_1_255' title='bbox 807 3133 979 3198; x_wconf 90' lang='lat' dir='ltr'>hominem.</span> 
     </span>
     <span class='ocr_line' id='line_1_33' title="bbox 248 3219 1195 3307; baseline 0.007 -23"><span class='ocrx_word' id='word_1_256' title='bbox 248 3219 369 3296; x_wconf 81' lang='lat' dir='ltr'>Quinto</span> <span class='ocrx_word' id='word_1_257' title='bbox 394 3221 558 3306; x_wconf 73' lang='lat' dir='ltr'>delegabo,</span> <span class='ocrx_word' id='word_1_258' title='bbox 583 3222 610 3284; x_wconf 88' lang='lat' dir='ltr'>si</span> <span class='ocrx_word' id='word_1_259' title='bbox 634 3222 711 3304; x_wconf 93' lang='lat' dir='ltr'>quid</span> <span class='ocrx_word' id='word_1_260' title='bbox 731 3222 797 3286; x_wconf 90' lang='lat' dir='ltr'>aeri</span> <span class='ocrx_word' id='word_1_261' title='bbox 815 3244 888 3287; x_wconf 92' lang='lat' dir='ltr'>meo</span> <span class='ocrx_word' id='word_1_262' title='bbox 907 3221 1012 3287; x_wconf 88' lang='lat' dir='ltr'>alieno</span> <span class='ocrx_word' id='word_1_263' title='bbox 1033 3226 1195 3307; x_wconf 88' lang='lat' dir='ltr'>superabit</span> 
     </span>
     <span class='ocr_line' id='line_1_34' title="bbox 180 3299 1275 3391; baseline 0.007 -21"><span class='ocrx_word' id='word_1_264' title='bbox 180 3312 213 3371; x_wconf 93' lang='lat' dir='ltr'>et</span> <span class='ocrx_word' id='word_1_265' title='bbox 244 3308 476 3391; x_wconf 88' lang='lat' dir='ltr'>emptionibus,</span> <span class='ocrx_word' id='word_1_266' title='bbox 505 3330 544 3372; x_wconf 91' lang='lat' dir='ltr'>ex</span> <span class='ocrx_word' id='word_1_267' title='bbox 573 3309 690 3391; x_wconf 86' lang='lat' dir='ltr'>quibus</span> <span class='ocrx_word' id='word_1_268' title='bbox 718 3310 763 3373; x_wconf 93' lang='lat' dir='ltr'>mi</span> <span class='ocrx_word' id='word_1_269' title='bbox 792 3311 890 3375; x_wconf 89' lang='lat' dir='ltr'>etiam</span> <span class='ocrx_word' id='word_1_270' title='bbox 913 3333 967 3375; x_wconf 83' lang='lat' dir='ltr'>ees</span> <span class='ocrx_word' id='word_1_271' title='bbox 991 3311 1131 3378; x_wconf 90' lang='lat' dir='ltr'>alienum</span> <span class='ocrx_word' id='word_1_272' title='bbox 1151 3315 1195 3380; x_wconf 82' lang='lat' dir='ltr'>fa·</span> <span class='ocrx_word' id='word_1_273' title='bbox 1274 3299 1275 3378; x_wconf 66' lang='lat' dir='ltr'>l</span> 
     </span>
     <span class='ocr_line' id='line_1_35' title="bbox 180 3395 963 3480; baseline 0.008 -24"><span class='ocrx_word' id='word_1_274' title='bbox 180 3395 328 3460; x_wconf 91' lang='lat' dir='ltr'>ciendum</span> <span class='ocrx_word' id='word_1_275' title='bbox 351 3401 440 3480; x_wconf 93' lang='lat' dir='ltr'>puto.</span> <span class='ocrx_word' id='word_1_276' title='bbox 486 3395 535 3459; x_wconf 92' lang='lat' dir='ltr'>De</span> <span class='ocrx_word' id='word_1_277' title='bbox 559 3395 653 3459; x_wconf 89' lang='lat' dir='ltr'>domo</span> <span class='ocrx_word' id='word_1_278' title='bbox 677 3395 794 3480; x_wconf 81' lang='lat' dir='ltr'>Arpini</span> <span class='ocrx_word' id='word_1_279' title='bbox 816 3399 865 3463; x_wconf 91' lang='lat' dir='ltr'>nil</span> <span class='ocrx_word' id='word_1_280' title='bbox 888 3399 963 3464; x_wconf 93' lang='lat' dir='ltr'>scio.</span> 
     </span>
    </p>
   </div>
   <div class='ocr_carea' id='block_1_6' title="bbox 144 3469 1275 3567">
    <p class='ocr_par' dir='ltr' id='par_1_6' title="bbox 144 3469 1275 3567">
     <span class='ocr_line' id='line_1_36' title="bbox 144 3469 1275 3567; baseline 0.002 -17"><span class='ocrx_word' id='word_1_281' title='bbox 144 3495 160 3543; x_wconf 79' lang='lat'><strong>5</strong></span> <span class='ocrx_word' id='word_1_282' title='bbox 247 3482 436 3548; x_wconf 88' lang='lat' dir='ltr'>Vestorium</span> <span class='ocrx_word' id='word_1_283' title='bbox 468 3483 516 3547; x_wconf 92' lang='lat' dir='ltr'>nil</span> <span class='ocrx_word' id='word_1_284' title='bbox 549 3486 598 3548; x_wconf 91' lang='lat' dir='ltr'>est</span> <span class='ocrx_word' id='word_1_285' title='bbox 632 3485 718 3567; x_wconf 88' lang='lat' dir='ltr'>quod</span> <span class='ocrx_word' id='word_1_286' title='bbox 745 3507 882 3551; x_wconf 85' lang='lat' dir='ltr'>accuses.</span> <span class='ocrx_word' id='word_1_287' title='bbox 932 3485 1001 3551; x_wconf 87' lang='lat' dir='ltr'>lam</span> <span class='ocrx_word' id='word_1_288' title='bbox 1029 3489 1117 3554; x_wconf 89' lang='lat' dir='ltr'>enim</span> <span class='ocrx_word' id='word_1_289' title='bbox 1142 3490 1230 3558; x_wconf 70' lang='lat' dir='ltr'>ob-ss</span> <span class='ocrx_word' id='word_1_290' title='bbox 1274 3469 1275 3534; x_wconf 63' lang='lat' dir='ltr'>l</span> 
     </span>
    </p>
   </div>
   <div class='ocr_carea' id='block_1_7' title="bbox 0 0 1288 3880">
    <p class='ocr_par' dir='ltr' id='par_1_7' title="bbox 0 0 1288 3880">
     <span class='ocr_line' id='line_1_37' title="bbox 0 0 1288 3880; baseline 0 0"><span class='ocrx_word' id='word_1_291' title='bbox 0 0 1288 3880; x_wconf 95' lang='lat' dir='ltr'> </span> 
     </span>
    </p>
   </div>
  </div>
 </body>
</html>
