2560 3880
225 145 484 202 EPISTULARUM
501 145 552 200 An
571 146 736 201 ATTICUM
752 145 818 202 XVI
837 147 965 203 16C-E.
1040 148 1105 213 519

66 282 297 374 ‘cineremque
321 311 385 373 qua
406 310 502 355 nemo
525 290 588 354 tibi
611 312 669 373 par
694 294 753 378 est,
775 290 968 356 adhibueris.
1015 289 1107 367 Ouod

87 381 127 442 ut
150 377 258 462 facias,
282 380 315 441 te
337 378 542 442 vehementer
564 399 654 463 rogo.

580 552 620 618 D.

342 673 505 730 Concedam
523 680 639 743 tempore
657 691 710 744 quo
728 674 855 745 cp.16C.

57 805 71 847 5
381 795 510 853 CICERO
531 795 559 851 C.
575 796 774 852 OUPIENNIO
794 797 821 852 S.

155 903 286 968 Patrem
314 909 408 968 tuum
434 905 569 988 plurimi
595 905 671 990 feci,
697 926 812 988 meque
840 905 896 968 ille
918 904 1052 970 mirifice
1075 909 1107 970 et
1127 923 1162 970 14

88 991 190 1056 coluit
213 996 246 1056 et
269 993 402 1078 amavit3
425 1014 484 1056 nec
502 993 682 1057 mehercule
701 1014 854 1076 umquam
873 993 954 1056 mihi
973 994 1106 1058 dubium

87 1080 169 1164 fuit,
196 1080 276 1163 quin
303 1103 322 1144 a
349 1084 382 1144 te
410 1080 573 1165 diligerem
606 1101 666 1166 ego
697 1080 824 1164 quidem
854 1081 887 1144 id
914 1081 1019 1146 facere
1040 1103 1108 1146 non

89 1168 209 1231 destiti.
250 1167 354 1243 Ouum
377 1167 418 1232 ob
442 1190 510 1232 rem
533 1172 610 1252 peto
633 1191 653 1232 a
676 1172 709 1231 te
732 1169 766 1233 in
789 1169 945 1233 maiorem
966 1171 1107 1256 modum,

43 1283 73 1322 ro
88 1260 126 1319 ut
155 1256 319 1320 civitatem
341 1255 550 1320 Buthrotiam
574 1256 722 1320 subleves
746 1256 971 1340 decretumque
995 1279 1107 1322 consu·

87 1344 170 1427 lum,
198 1344 284 1427 quod
311 1344 335 1407 ii
363 1344 538 1408 seeundum
565 1343 757 1408 Buthrotios
786 1345 945 1428 fecerunt,
973 1367 1046 1410 cum
1075 1349 1106 1410 et

88 1432 160 1516 lege
192 1436 224 1495 et
254 1435 384 1496 senatus
415 1433 563 1496 consulto
594 1432 756 1496 statuendi
789 1435 985 1515 potestatem
1012 1434 1107 1498 habe

88 1523 175 1604 rent,
207 1519 261 1583 des
295 1542 425 1603 operam
457 1523 495 1583 ut
526 1519 664 1586 Plancus
695 1523 808 1584 noster
841 1542 937 1604 quam
966 1522 1107 1605 primum

88 1608 256 1672 confirmet
279 1611 311 1671 et
335 1608 531 1690 comprobet.
577 1608 649 1673 Hoc
672 1610 705 1672 te
728 1607 949 1695 vehementer,
977 1611 1022 1674 mi
1048 1608 1108 1674 Cu-

44 1722 71 1762 15
88 1696 208 1781 pienni,
231 1695 329 1760 etiam
352 1699 450 1779 atque
474 1696 572 1760 etiam
585 1717 686 1782 ⁴rogo.

580 1871 619 1936 E.

456 1991 514 2048 Sor.
526 1998 589 2061 post
607 2009 647 2062 ep.
662 1994 740 2049 1⁶13.

311 2113 441 2170 CICERO
461 2113 605 2170 PLANCO
623 2115 753 2170 PRAET.
767 2113 845 2171 DES.
861 2115 889 2172 S.

154 2221 290 2307 Ignosce
317 2222 412 2306 mihi,
445 2223 545 2307 quod,
577 2245 650 2288 cum
678 2228 773 2288 antea
801 2223 1039 2288 accuratissime
1068 2223 1106 2288 de
1126 2241 1160 2288 15

43 2337 72 2377 ao
87 2309 271 2374 Buthrotiis
296 2310 336 2374 ad
358 2315 391 2374 te
415 2311 608 2395 scripserim,
632 2313 742 2376 eadem
765 2312 803 2376 de
826 2334 862 2376 re
886 2312 1012 2394 saepius
1032 2311 1107 2376 scri-

87 2399 171 2463 bam.
218 2396 295 2462 Non
317 2399 511 2483 mehercule,
543 2400 589 2463 mi
611 2399 742 2484 Plance,
773 2399 872 2484 facio,
905 2421 968 2483 quo
992 2421 1107 2483 parum

88 2486 247 2550 confidam
279 2490 335 2550 aut
365 2486 555 2550 liberalitati
589 2491 664 2550 tuae
692 2491 748 2551 aut
778 2491 909 2552 nostrae
938 2488 1108 2572 amicitiae,

88 2574 157 2657 sed,
189 2595 262 2638 cum
291 2576 384 2638 tanta
411 2596 463 2639 res
492 2577 607 2658 agetur
634 2574 737 2639 Attici
765 2577 885 2659 nostri,
915 2597 1002 2639 nunc
1029 2598 1106 2641 vero

88 2661 188 2726 etiam
211 2661 423 2745 existimatio,
452 2666 490 2726 ut
513 2662 555 2746 id,
586 2663 672 2746 quod
695 2662 846 2747 probavit
871 2661 988 2728 Caesar
1011 2664 1106 2729 nobis

43 2749 227 2817 missalibus
251 2753 282 2814 et
306 2750 582 2836 obsignatoribus,
604 2751 660 2833 qui
683 2755 716 2814 et
734 2751 870 2816 decretis
890 2755 923 2815 et
941 2753 1106 2834 responsis

88 2837 233 2902 Caesaris
274 2838 538 2923 interfueramus,
582 2838 726 2902 videatur
768 2839 915 2903 obtinere
951 2840 1106 2925 potuisse,

87 2925 278 3011 praesertim
308 2947 381 2990 cum
409 2930 480 2990 tota
502 2929 647 3009 potestas
671 2925 740 2990 eius
764 2928 811 2991 rei
835 2931 891 2992 tua
915 2927 972 3012 sit,
1000 2931 1037 2990 ut
1060 2949 1106 3011 ea,

88 3035 171 3097 quae
198 3014 344 3078 consules
372 3014 580 3079 decreverunt
611 3015 785 3078 seeundum
809 3012 956 3079 Caesaris
980 3014 1106 3078 decreta

88 3105 120 3165 et
152 3123 320 3185 responsa,
352 3124 418 3166 non
447 3103 550 3166 dicam
578 3102 780 3187 comprobes,
813 3104 868 3167 sed
898 3102 1041 3166 studiose
1068 3101 1106 3164 li-

43 3217 72 3256 se
87 3190 264 3273 benterque
296 3190 495 3274 comprobes.
545 3189 582 3254 Id
614 3189 696 3254 mihi
728 3191 774 3254 sic
803 3191 864 3254 erit
893 3194 1036 3274 gratum,
1068 3193 1105 3252 ut
1125 3207 1160 3255 16

86 3277 179 3342 nulla
202 3299 253 3341 res
275 3279 399 3362 gratier
418 3300 486 3342 esse
502 3278 616 3361 possit.
654 3278 728 3342 Etsi
747 3278 813 3342 iam
833 3277 1010 3361 sperabam,
1033 3298 1107 3341 cum

86 3366 147 3430 has
175 3365 302 3430 litteras
326 3367 516 3451 accepisses,
545 3367 614 3430 fore
637 3370 673 3430 ut
697 3387 749 3449 ea,
780 3387 861 3449 quae
885 3364 1106 3448 superioribus

86 3453 209 3518 litteris
233 3476 251 3518 a
273 3458 307 3518 te
330 3455 537 3538 petissemus,
565 3453 737 3537 impetrata
761 3455 877 3538 essent,
909 3456 1017 3516 temen
1039 3474 1108 3516 non
