2568 3888
261 167 523 224 EPISTULARUM
542 169 591 223 AD
611 169 776 224 ATTICUM
794 170 821 224 H
839 177 917 225 2-4.
1059 170 1104 236 45

133 311 249 378 Venio
273 334 361 378 nunc
380 314 421 377 ad
438 308 581 378 mensem
599 313 784 378 Ianuarium
805 317 838 377 et
862 314 901 378 ad
918 315 1104 380 ὑπόστασιν
1123 331 1139 379 3

63 403 223 466 nostram
247 422 286 466 ac
308 405 495 485 πολιτείαν,
523 402 557 466 in
586 422 650 485 qua
673 407 896 488 Σακρατιιιῶς
925 405 972 478 εἰς
995 401 1103 469 ἑκάτε-

67 514 148 602 pov,
182 489 242 554 sed
273 493 384 554 tamen
415 490 454 554 ad
482 493 677 575 extremum,
706 494 745 554 ut
772 489 823 554 illi
851 491 1013 591 solebant,
1042 492 1104 575 τὴν

43 577 603 753 ,lttttlttalttffutt
622 578 919 754 amittit,
940 583 1104 751 amat?

71 755 149 818 dam
170 754 349 838 dimicatio,
368 755 424 818 sed
438 755 533 838 plena
551 755 667 840 laudis,
687 759 743 819 aut
759 755 997 840 quiescendum,
1016 756 1104 840 quod

72 847 219 907 estnon
243 842 401 907 dissimile
425 846 523 926 atque
545 843 593 908 ire
620 844 656 907 in
679 840 849 908 Solonium
877 847 934 908 aut
957 842 1104 930 Antium,

71 931 256 996 autetiam
280 931 505 1017 adiuvandum,
529 932 616 1015 quod
639 955 657 995 a
679 953 732 995 me
755 932 847 996 aiunt
868 930 1039 997 Caesarem
1057 933 1103 997 sic

72 1023 280 1105 exspectare,
309 1022 437 1084 utnon
465 1020 600 1084 dubitet.
646 1018 733 1084 Nam
756 1019 820 1084 fuit
843 1020 929 1104 apud
951 1043 1003 1085 me
1026 1019 1103 1086 Cor-

39 1133 62 1172 ιο
72 1109 194 1193 nelius,
217 1106 305 1171 hunc
328 1107 399 1173 dico
418 1107 567 1193 Balbum,
591 1106 738 1173 Caesaris
761 1108 962 1173 familiarem.
1000 1107 1033 1173 Is
1051 1110 1103 1173 ad·

73 1196 233 1260 firmabat
256 1195 349 1260 illum
371 1197 522 1261 omnibus
546 1198 581 1261 in
603 1196 702 1261 rebus
724 1218 797 1260 meo
822 1200 854 1260 et
872 1196 1007 1281 Pompei
1030 1219 1103 1262 con·

76 1285 152 1349 silio
183 1305 322 1348 usurum
353 1283 568 1368 daturumque
598 1307 742 1370 operam,
776 1288 814 1349 ut
844 1307 918 1349 cum
946 1285 1102 1371 Pompeio

77 1370 235 1437 Crassum
258 1371 475 1458 coniungeret.
513 1373 576 1438 Hic
600 1377 677 1438 sunt
699 1373 792 1456 haec,
816 1375 1001 1439 coniunctio
1019 1375 1139 1438 mihil

79 1483 207 1526 summa
237 1481 311 1525 cum
337 1459 507 1547 Pompeio,
540 1462 569 1526 si
592 1462 710 1546 placet,
739 1462 838 1526 etiam
861 1482 934 1526 cum
958 1460 1103 1548 Caesare,

44 1573 67 1614 ιτ
79 1550 205 1613 reditus
229 1549 266 1612 in
289 1549 428 1634 gratiam
446 1572 520 1615 cum
538 1549 687 1634 inimicis,
711 1572 775 1632 pax
794 1571 867 1614 cum
884 1550 1103 1636 multitudine,

81 1637 259 1702 senectutis
284 1638 396 1702 otium.
439 1635 503 1702 Sed
525 1661 577 1702 me
600 1636 772 1714 ιιαταιιλεὶς
795 1659 866 1702 mea
889 1639 946 1702 illa
965 1660 1103 1703 commo-

81 1730 142 1810 vet,
166 1747 251 1810 quae
274 1729 325 1790 est
347 1727 383 1790 in
405 1727 490 1792 libro
514 1727 627 1791 tertio:

84 1847 254 1913 ‘Interea
277 1870 425 1934 cursus,
450 1871 544 1933 quos
568 1850 692 1933 prima
717 1873 735 1914 a
758 1852 869 1934 parte
892 1848 1072 1913 iuventae

85 1935 261 2021 Quosque
286 1937 380 2003 adeo
403 1938 542 2002 consul
559 1939 708 2002 virtute
728 1938 934 2020 animoque
950 1937 1104 2022 petisti,

49 2024 160 2090 aoHos
184 2026 313 2090 retine
337 2029 451 2111 atque
475 2047 572 2112 auge
589 2026 729 2090 famam
752 2025 964 2109 laudesque
987 2026 1104 2141 b,ono-

905 2135 997 2178 rum.

85 2218 170 2284 Haec
191 2219 275 2284 mihi
298 2241 372 2284 cum
394 2220 430 2284 in
448 2241 486 2284 eo
508 2219 604 2304 libre,
627 2219 663 2304 in
682 2241 746 2304 quo
764 2219 869 2284 multa
888 2223 965 2283 sunt
985 2219 1106 2304 scripta

85 2307 373 2394 ἀριστοκρατικῶς,
392 2306 538 2391 Calliope
552 2309 623 2392 ipsa
635 2307 890 2392 praescripserit,
907 2329 976 2373 non
989 2309 1105 2393 opinor

85 2418 152 2462 esse
176 2395 401 2481 dubItendum,
425 2397 504 2480 quiu
528 2418 653 2479 semper
677 2397 774 2461 nobis
797 2396 944 2461 videatur

52 2525 74 2566 ιι
171 2494 232 2578 (εἷς
256 2503 375 2580 οἰωνὸς
398 2503 532 2588 ἄριστος
555 2502 745 2587 ἀμύνεσθαι
768 2500 845 2588 περὶ
868 2502 1015 2588 adaeus?

149 2607 213 2674 Sed
235 2608 316 2672 haec
339 2607 614 2672 ambulationibus
638 2605 875 2692 Compitaliciis
898 2629 1105 2673 reservemus.

86 2696 131 2760 Tu
172 2697 277 2781 pridie
315 2693 511 2780 Compitalia
546 2700 718 2761 memento.
777 2696 948 2761 Balineum
985 2695 1106 2760 calfieri

86 2784 210 2850 iubebo.
248 2784 295 2848 nt
312 2784 526 2869 Pomponiam
540 2783 692 2848 Terentia
710 2789 819 2870 rogat3
838 2787 976 2848 matrem
995 2785 1106 2848 adiun-

87 2894 203 2958 gemus.
260 2875 479 2958 Θεοφράστου
508 2871 584 2959 περὶ
615 2877 806 2958 φιλοτιμίας
838 2872 928 2936 adfer
956 2872 1038 2936 mihi
1067 2873 1106 2937 de

55 2962 175 3027 selibris
195 2960 310 3038 Quinti
332 2962 452 3026 fratris.

566 3101 622 3166 IV.

330 3205 387 3260 Sor.
406 3205 479 3260 Anti
496 3222 530 3259 ιιι.
549 3205 647 3274 Aprili
665 3223 690 3260 οι.
712 3210 767 3261 695
787 3209 858 3273 (59).

379 3379 381 3382 ¹
407 3310 536 3366 CICERO
552 3310 685 3366 ATTICO
706 3310 781 3366 SAL.

150 3401 271 3468 Fecisti
293 3401 375 3466 mihi
392 3405 590 3488 pergratum,
614 3401 701 3486 quod
721 3399 907 3484 Serapionis
925 3400 1047 3464 librum
1066 3399 1106 3462 ad
1126 3414 1140 3461 1

58 3513 136 3556 nme
157 3490 292 3575 mIsisti3
315 3512 354 3555 ex
378 3512 442 3574 quo
467 3491 594 3575 quidem
619 3511 690 3574 ego,
713 3489 801 3572 quod
823 3488 909 3552 inter
930 3508 991 3551 nos
1010 3486 1106 3550 liceat
