2576 3884
374 1030 645 1108 ADNOTATIO
674 1032 871 1106 ORITIOA.

183 1291 255 1348 eum
269 1293 335 1346 octo
350 1305 437 1371 annos
451 1287 481 1341 in
495 1287 609 1342 edendis
623 1288 761 1370 Tullianis
776 1289 886 1372 scriptis
902 1306 1053 1373 cessassem
1066 1308 1117 1346 nec

109 1359 1118 1498 teretemPetttttttltllltt‚titulata

110 1507 271 1574 apparatus
291 1503 383 1556 crrtrcr
396 1500 491 1569 mopia
505 1499 625 1555 alterum
637 1499 765 1553 volumen
779 1500 860 1554 edere
875 1501 998 1556 animum
1010 1502 1117 1572 induxi,

110 1576 189 1643 quod
209 1588 302 1640 neque
321 1587 384 1640 spes
404 1573 464 1623 erat
476 1569 755 1624 Mendelssohnianae
769 1570 889 1624 similem
901 1571 1000 1625 harum
1013 1573 1116 1642 epistu-

110 1645 209 1699 larum
227 1643 383 1696 editionem
399 1657 444 1694 me
461 1641 583 1694 visurum
602 1656 674 1707 esse,
698 1644 726 1694 ct
745 1641 819 1708 qnod
838 1640 874 1694 ad
892 1641 1116 1710 interpretandas

112 1720 144 1770 ct
167 1713 361 1769 emendandas
384 1711 519 1780 epistulas
543 1710 579 1764 ad
597 1711 722 1764 Atticum
744 1712 773 1763 et
795 1711 832 1763 ad
850 1711 968 1764 Brutum
984 1713 1117 1780 proximis

14 1781 15 1846 Ϊ
112 1785 215 1839 lustris
238 1781 395 1852 complures
417 1781 470 1834 viri
493 1780 569 1835 docti
586 1784 696 1834 tantum
714 1780 902 1850 profecerunt,
925 1784 958 1835 ut
976 1798 1047 1850 curn,
1070 1784 1118 1851 qui

14 1871 15 1896 l
113 1856 271 1926 diligenter
293 1869 390 1907 eorum
411 1852 505 1906 studia
527 1851 558 1905 in
581 1869 661 1905 suum
678 1868 759 1905 nsum
778 1852 950 1919 converterit,
973 1870 1028 1907 non
1047 1853 1117 1907 diffi-

113 1927 169 1981 cile
201 1925 240 1978 sit
265 1923 352 1994 paulo
379 1922 581 1976 emendatiores
604 1921 660 1976 has
688 1921 824 1992 epistulas
852 1923 944 1990 edere,
973 1940 1057 1991 quarn
1078 1923 1117 1977 le-

112 1999 224 2068 guntur
250 1995 281 2047 in
308 1994 343 2047 iis
371 1992 555 2060 editionibus,
581 1993 682 2060 quibus
705 2010 779 2046 nunc
805 1992 921 2060 utimum
949 2011 1119 2062 quamquam

114 2067 239 2120 dubium
256 2081 311 2118 non
330 2065 381 2131 est,
400 2063 468 2131 quin
485 2063 610 2116 firturum
628 2062 667 2116 sit
683 2065 715 2117 ut
732 2080 788 2117 non
801 2080 892 2132 pauca
904 2063 1004 2118 melius
1019 2067 1048 2118 et
1061 2082 1118 2119 cer·

15 2183 16 2190 ,
112 2139 176 2192 tius
195 2134 316 2189 iudicari
334 2134 451 2203 possint,
469 2151 533 2188 cum
551 2133 659 2188 codices
673 2133 782 2202 plenius
797 2137 826 2188 et
839 2135 996 2188 accuratius
1010 2137 1118 2189 excussi

15 2249 17 2276 ;
114 2209 190 2273 sint,
213 2206 244 2258 id
262 2205 337 2273 quod
353 2204 423 2257 mihi
441 2203 524 2258 iniis
542 2203 662 2258 maxime
680 2203 809 2273 epistulis
828 2205 969 2274 apparuit,
993 2205 1030 2259 ad
1048 2223 1118 2274 quas

15 2279 17 2284 ’
113 2277 289 2332 Lehmann
308 2277 337 2329 et
350 2275 523 2328 Andresen
536 2275 567 2327 in
579 2273 786 2328 Hofmanniana
799 2274 983 2346 epistularum
996 2276 1119 2330 editione

113 2346 275 2402 Lehmanni
297 2347 463 2414 apparatum
486 2344 613 2398 criticum
636 2344 821 2414 divulgarunt.
857 2345 943 2399 Velut
964 2363 991 2414 p.
1011 2352 1070 2401 194.
1085 2353 1118 2400 16

114 2435 177 2472 non
203 2418 271 2470 melei
297 2417 365 2484 ipse,
393 2415 443 2476 sed
464 2417 521 2484 ipse
542 2417 609 2469 mtbe'
631 2415 815 2484 scripsissem,
838 2415 893 2469 nisi
918 2431 936 2468 a
958 2415 1118 2471 Lehmanno

118 2487 286 2550 didicissem
302 2485 374 2538 illud
393 2501 453 2539 esse
470 2485 501 2539 in
520 2485 598 2539 codd.
612 2484 693 2540 NOP.

192 2556 276 2623 Nam,
301 2555 427 2623 quamvis
448 2556 539 2609 multa
561 2555 647 2609 dubia
669 2556 726 2609 sint
743 2555 788 2610 vel
805 2555 1004 2624 improbabilia
1022 2572 1057 2610 ex
1074 2557 1118 2625 iis,

117 2643 194 2696 quae
212 2625 384 2680 Lehmann
407 2626 452 2679 ‘de
471 2624 610 2680 Ciceronis
629 2626 667 2678 ad
684 2626 810 2680 Atticum
828 2626 956 2695 epistulis
974 2643 1118 2681 recensen-

120 2698 165 2751 dis
184 2699 213 2750 et
231 2695 422 2750 emendandis'
441 2696 615 2750 Berol.1892
635 2696 797 2765 disputavit,
815 2714 865 2766 pro
884 2699 958 2750 certo
972 2697 1042 2750 mihi
1055 2715 1118 2768 pro-

118 2768 200 2822 bavit
213 2782 305 2820 errare
319 2782 374 2834 eos,
392 2766 441 2834 qni
455 2766 544 2820 codici
557 2766 682 2820 Mediceo
696 2772 782 2822 49.18
796 2767 845 2820 uni
859 2769 969 2820 tantum
982 2767 1118 2837 tribuunt,

118 2841 154 2892 ut
180 2839 286 2892 ceteros
313 2852 381 2906 prae
403 2853 435 2890 eo
459 2839 649 2904 contemnant,
672 2836 749 2890 velut
771 2836 802 2891 Ο,
823 2837 854 2890 Ε.
875 2837 1030 2891 Schmidt
1053 2837 1119 2892 ‘Der

120 2906 318 2962 Briefwechscl
341 2907 389 2960 des
407 2907 444 2961 Μ.
458 2907 567 2961 'Pullius
587 2906 691 2962 Cicero’
716 2909 767 2962 etc.
795 2906 911 2976 Leipzig
925 2913 992 2960 1893
1010 2927 1037 2977 p.
1052 2914 1118 2963 451:

22 3007 24 3018 ν
122 2979 177 3032 ‘Da
199 2978 259 3032 sich
276 2976 391 3030 EOPRZ
415 2977 457 3030 als
475 2977 677 3048 interpolicrtc,
704 2994 754 3031 ans
773 2977 864 3031 einem
882 2977 1119 3033 hortaminicrten

22 3055 25 3168 l

24 3187 27 3316 l

120 3048 296 3118 Archetypus
315 3047 485 3116 abgeleitcte
502 3048 575 3102 Hdn.
595 3047 728 3101 erwicsen
745 3047 851 3115 haben,
875 3064 927 3100 von
946 3047 982 3100 W
1000 3066 1053 3102 nur
1070 3065 1118 3120 ge-

137 3121 143 3132 '
184 3117 400 3173 eBruchstdche
408 3118 492 3188 iibrig
502 3119 573 3186 sind,
581 3119 630 3172 der
640 3118 697 3172 alte
707 3117 841 3172 deutsche
850 3115 942 3172 Codex
952 3117 1118 3174 Cratanders

119 3138 245 3244 peppooen
267 3189 314 3256 ist,
334 3187 432 3241 dessen
449 3187 583 3242 Lesarten
606 3187 674 3242 aber
695 3188 726 3241 in
745 3186 765 3240 O
783 3189 836 3242 mit
852 3188 1044 3258 Konjckturen
1060 3191 1119 3244 und

123 3259 359 3330 interpolationen
386 3275 435 3312 aus
457 3258 595 3329 jiingeren
622 3257 818 3312 italienischen
840 3258 1057 3314 Handschriften
1085 3278 1118 3313 zu

123 3331 198 3383 einer
210 3330 317 3386 schwer
330 3328 459 3382 lbsbaren
468 3328 677 3384 Gemeinschaft
685 3329 891 3383 verschmolaen
900 3329 971 3397 sind,
982 3331 1018 3383 da
1027 3330 1119 3382 ferner

25 3395 27 3410 '
121 3401 193 3455 anch
214 3401 263 3454 der
280 3399 448 3454 Veronensis
472 3400 531 3453 und
548 3401 692 3454 Petrarcas
711 3399 856 3453 Abschrift
874 3399 976 3453 darans
994 3398 1118 3452 verloren

119 3472 194 3542 sind,
219 3488 252 3525 sc
275 3469 390 3523 bleibt
413 3471 473 3544 der
494 3470 580 3524 Text
600 3487 663 3524 von
685 3470 727 3523 Μ1
751 3471 801 3524 als
826 3471 884 3523 der
908 3469 1041 3536 einzige
1064 3485 1118 3520 zu-

928 3555 961 3607 ,a
