2564 3880
173 169 240 232 402
497 167 534 220 Μ.
554 166 661 219 TULLI
680 163 869 220 CICERONIS

174 311 414 376 transferamus.
455 309 589 373 Etenim
612 313 688 374 sunt
711 307 894 389 Antiochia,
919 327 1000 390 quae
1021 307 1087 369 iste
1106 305 1206 369 valde

174 400 299 484 probat.
336 396 452 462 Catulo
477 401 509 461 et
526 396 662 461 Lucullo
687 396 765 460 alibi
785 415 987 479 reponemus,
1009 395 1061 458 ita
1079 398 1205 477 tamen,

176 489 204 551 si
226 492 265 551 tu
286 487 349 551 boc
372 486 504 570 probas3
527 484 630 568 deque
653 506 691 548 eo
714 483 795 547 mihi
818 482 977 547 rescribas
1001 482 1114 547 velim.

138 595 156 642 4
241 573 291 639 De
317 574 495 638 Brinniana
522 573 670 636 auctione
697 572 804 655 accepi
832 594 850 635 a
877 569 1031 636 Vestorio
1060 571 1204 634 litteras.

174 662 233 727 Ait
261 664 330 749 sine
357 661 424 726 ulla
451 661 670 725 controversia
697 682 765 724 rem
792 659 832 723 ad
855 681 906 722 me
930 680 1000 724 csse
1024 659 1204 723 conlatam.
1230 685 1240 722 ⁵

174 751 298 815 Romae
320 750 470 814 videlicet
493 753 549 813 aut
572 749 607 811 in
629 748 811 812 Tusculano
834 768 886 811 me
909 747 980 811 fore
998 751 1205 830 putaverunt

176 862 203 902 a.
231 839 349 902 dvm
376 836 448 901 Kal.
473 835 600 912 Quinct.
650 835 745 899 Dices
778 836 880 920 igitur
911 835 963 898 vel
993 836 1098 898 amico
1135 840 1204 917 tuo,
1265 879 1266 882 κ

177 926 207 991 S.
227 926 353 1009 Vettio,
381 924 528 989 coheredi
551 946 639 1009 meo,
670 925 723 988 vel
745 924 889 987 Labeoni
910 927 1036 1008 nostro,
1064 923 1204 1006 paulum

175 1011 342 1098 proferant
370 1013 566 1098 auctionem3
588 1034 639 1075 me
667 1013 794 1076 circiter
817 1009 930 1075 Nonas
953 1011 988 1074 in
1012 1011 1202 1074 Tusculano

176 1103 253 1167 fore.
312 1100 393 1166 Cum
428 1099 545 1164 Pisone
581 1100 717 1164 Erotem
752 1099 861 1163 habes.
915 1099 964 1163 De
1006 1097 1203 1183 Scapulanis
1217 1125 1238 1162 a

176 1190 282 1254 hortis
304 1193 376 1254 toto
400 1193 530 1272 pectore
553 1187 740 1272 cogitemus.
787 1186 865 1251 Dies
889 1187 988 1251 adest.

585 1325 674 1414 11111,
697 1327 784 1393 xiv.

337 1432 394 1487 Ser.
410 1433 442 1485 ia
460 1432 596 1500 Arpinati
619 1431 664 1485 VI
679 1432 717 1485 K.
735 1431 829 1500 Quint.
844 1449 870 1486 a.
887 1435 943 1485 709
964 1435 1034 1499 (45).

482 1537 628 1591 CICERO
646 1537 793 1591 ATTICO
811 1537 894 1592 SAL.

143 1646 157 1693 1
246 1627 434 1702 Commotus
464 1628 530 1691 tuis
558 1626 692 1712 litteris,
725 1628 811 1710 quod
839 1627 879 1691 ad
908 1649 959 1690 me
988 1627 1027 1691 de
1050 1625 1200 1692 Varrone
1214 1653 1236 1690 15

179 1718 366 1801 scripseras,
392 1719 497 1780 totam
519 1714 727 1780 Academiam
756 1716 796 1779 ab
824 1715 1010 1780 bominibus
1033 1715 1200 1779 nobilissi-

177 1806 239 1869 mis
263 1804 392 1886 abstuli,
422 1803 577 1867 transtuli
600 1803 641 1868 ad
663 1808 812 1867 nostrum
835 1802 978 1867 sodalem
1002 1807 1035 1867 et
1060 1825 1099 1867 ex
1122 1803 1199 1866 duo-

178 1893 238 1957 bus
268 1893 362 1957 libris
390 1892 514 1956 contuli
541 1892 577 1955 in
600 1895 763 1975 quattuor.
810 1890 1006 1956 Grandiores
1031 1895 1108 1956 sunt
1132 1914 1199 1955 om·
1270 1928 1271 1974 1

177 2003 394 2132 tttsqttt
421 1980 594 2152 iiiiii
616 1979 1196 2151 tttltfftttttsstttat
1210 2093 1235 2130 20

178 2156 274 2240 velle3
307 2157 388 2220 illud
411 2178 488 2220 vero
511 2156 624 2238 utique
648 2156 729 2220 scire
752 2156 857 2241 cupio,
880 2177 975 2239 quem
998 2155 1194 2220 intellexeris

179 2245 219 2309 ab
243 2267 280 2308 eo
304 2249 561 2327 ζηλοτυπεῐσθαι
584 2245 648 2307 nisi
671 2244 756 2308 forte
778 2243 925 2307 Brutum.
963 2240 1001 2307 Id
1023 2243 1130 2308 hercle
1148 2265 1194 2306 rc

178 2333 300 2397 stabat!
338 2331 401 2396 Sed
427 2335 536 2395 tamen
566 2333 646 2395 scire
674 2331 836 2415 pervelim.
882 2331 974 2395 Libri
998 2332 1125 2415 quidem
1149 2332 1194 2395 ita

179 2422 335 2503 exierunt,
357 2420 422 2483 nisi
445 2420 529 2483 forte
552 2441 604 2483 me
627 2420 805 2484 communis
827 2423 987 2504 φιλαυτία
1006 2419 1135 2504 decipit,
1158 2423 1193 2482 ut

179 2509 214 2571 in
241 2507 300 2571 tali
331 2528 446 2591 genere
473 2529 513 2571 ne
542 2507 627 2591 apud
651 2505 790 2572 Graecos
819 2507 950 2591 quidem
979 2508 1086 2572 simile
1108 2507 1192 2590 quio
1207 2531 1231 2570 ss

180 2618 284 2678 quam.
335 2593 384 2658 Tu
411 2596 501 2659 illam
529 2596 686 2659 iacturam
715 2596 798 2660 feres
827 2617 930 2679 aequo
958 2596 1082 2681 animo,
1109 2594 1193 2679 quod

179 2683 244 2768 illa,
269 2704 350 2766 quae
372 2682 471 2746 habes
496 2683 534 2747 de
557 2681 767 2768 Academicis,
789 2685 912 2747 frustra
930 2684 1092 2767 descripta
1111 2687 1192 2746 sunt.

179 2771 284 2835 Multo
313 2774 423 2835 tamen
449 2769 527 2835 baec
555 2776 650 2835 erunt
680 2772 913 2856 splendidiora,
941 2771 1090 2836 breviora
1097 2822 1105 2855 ,
1132 2793 1194 2834 me

142 2860 269 2924 uliora.
320 2857 416 2922 Nunc
448 2863 556 2922 autem
588 2859 717 2943 ἀπορῶ,
751 2881 815 2943 quo
845 2881 896 2922 mc
928 2863 1061 2924 vertam.
1110 2859 1193 2924 Volo

179 2947 367 3011 Dolabellae
399 2946 490 3010 valde
524 2947 731 3031 desideranti,
764 2969 831 3011 non
864 2948 1003 3030 reperi0,
1038 2947 1129 3031 quid,
1164 2951 1232 3011 etro

180 3035 278 3099 simul
300 3034 463 3118 ‘ulde'opou
491 3037 616 3118 Tpaag’
639 3057 751 3119 neque,
775 3035 803 3098 si
827 3036 957 3120 aliquid,
979 3039 1094 3119 potero
1117 3035 1195 3120 μέμ-

179 3136 240 3201 ψιν
267 3122 414 3206 effugere.
467 3120 535 3185 Aut
563 3123 752 3188 cessandum
778 3123 882 3207 igitur
908 3128 964 3187 aut
992 3123 1116 3207 aliquid
1144 3146 1197 3187 ex-

179 3211 395 3296 cogitandum.
442 3209 505 3274 Sed
528 3211 606 3293 quid
627 3211 706 3275 haec
729 3212 812 3275 levia
835 3211 1005 3275 curamus?

143 3319 160 3364 3
246 3296 358 3362 Attica
380 3319 461 3381 mea,
485 3297 617 3360 obsecro
640 3303 683 3382 te,
706 3299 783 3382 quid
801 3300 892 3383 agit?
929 3298 1017 3375 Quae
1034 3322 1086 3363 me
1104 3299 1197 3363 valde

179 3387 279 3468 angit.
318 3384 381 3450 Sed
404 3384 515 3448 crebro
539 3388 671 3467 regusto
694 3390 767 3449 tuas
790 3385 930 3471 litteras3
952 3388 988 3451 in
1011 3387 1064 3451 his
1089 3388 1196 3470 acqui·
1210 3413 1236 3453 ss

180 3494 263 3537 esec.
309 3472 431 3537 Tamen
455 3475 604 3554 exspecto
628 3492 736 3536 novas.
919 3469 922 3476 ’
