<?xml version="1.0" encoding="UTF-8"?>
<!DOCTYPE html PUBLIC "-//W3C//DTD XHTML 1.0 Transitional//EN"
    "http://www.w3.org/TR/xhtml1/DTD/xhtml1-transitional.dtd">
<html xmlns="http://www.w3.org/1999/xhtml" xml:lang="en" lang="en">
 <head>
  <title>
</title>
<meta http-equiv="Content-Type" content="text/html;charset=utf-8" />
  <meta name='ocr-system' content='tesseract 3.04.00' />
  <meta name='ocr-capabilities' content='ocr_page ocr_carea ocr_par ocr_line ocrx_word'/>
</head>
<body>
  <div class='ocr_page' id='page_1' title='image "./scriptaquaemans00mullgoog_0395.png"; bbox 0 0 2616 3884; ppageno 0'>
   <div class='ocr_carea' id='block_1_1' title="bbox 137 131 826 196">
    <p class='ocr_par' dir='ltr' id='par_1_1' title="bbox 137 131 826 196">
     <span class='ocr_line' id='line_1_1' title="bbox 137 131 826 196; baseline -0.015 0"><span class='ocrx_word' id='word_1_1' title='bbox 137 132 203 196; x_wconf 78' lang='lat'><strong>230</strong></span> <span class='ocrx_word' id='word_1_2' title='bbox 455 133 492 188; x_wconf 87' lang='lat' dir='ltr'><strong>M.</strong></span> <span class='ocrx_word' id='word_1_3' title='bbox 512 132 619 188; x_wconf 86' lang='lat' dir='ltr'>TULLI</span> <span class='ocrx_word' id='word_1_4' title='bbox 638 131 826 188; x_wconf 83' lang='lat' dir='ltr'>CICERONIS</span> 
     </span>
    </p>
   </div>
   <div class='ocr_carea' id='block_1_2' title="bbox 137 274 1153 625">
    <p class='ocr_par' dir='ltr' id='par_1_2' title="bbox 137 274 1153 625">
     <span class='ocr_line' id='line_1_2' title="bbox 138 274 1153 359; baseline 0.001 -20"><span class='ocrx_word' id='word_1_5' title='bbox 138 275 224 339; x_wconf 89' lang='lat' dir='ltr'><strong>enim</strong></span> <span class='ocrx_word' id='word_1_6' title='bbox 251 279 362 358; x_wconf 87' lang='lat' dir='ltr'><strong>putam</strong></span> <span class='ocrx_word' id='word_1_7' title='bbox 389 275 499 340; x_wconf 80' lang='lat' dir='ltr'><strong>aliud?</strong></span> <span class='ocrx_word' id='word_1_8' title='bbox 534 274 609 340; x_wconf 85' lang='lat' dir='ltr'><strong>Etsi</strong></span> <span class='ocrx_word' id='word_1_9' title='bbox 638 275 720 340; x_wconf 85' lang='lat' dir='ltr'><strong>solet</strong></span> <span class='ocrx_word' id='word_1_10' title='bbox 748 297 833 359; x_wconf 90' lang='lat' dir='ltr'><strong>eum,</strong></span> <span class='ocrx_word' id='word_1_11' title='bbox 862 297 933 340; x_wconf 89' lang='lat' dir='ltr'><strong>cum</strong></span> <span class='ocrx_word' id='word_1_12' title='bbox 957 275 1079 358; x_wconf 87' lang='lat' dir='ltr'><strong>aliquid</strong></span> <span class='ocrx_word' id='word_1_13' title='bbox 1102 276 1153 340; x_wconf 87' lang='lat' dir='ltr'><strong>fu-</strong></span> 
     </span>
     <span class='ocr_line' id='line_1_3' title="bbox 137 362 1151 448; baseline 0.002 -22"><span class='ocrx_word' id='word_1_14' title='bbox 137 363 222 428; x_wconf 89' lang='lat' dir='ltr'><strong>riose</strong></span> <span class='ocrx_word' id='word_1_15' title='bbox 249 364 335 448; x_wconf 86' lang='lat' dir='ltr'><strong>fecit,</strong></span> <span class='ocrx_word' id='word_1_16' title='bbox 362 364 531 447; x_wconf 87' lang='lat' dir='ltr'><strong>paenitere.</strong></span> <span class='ocrx_word' id='word_1_17' title='bbox 577 362 763 446; x_wconf 85' lang='lat' dir='ltr'><strong>Numquam</strong></span> <span class='ocrx_word' id='word_1_18' title='bbox 786 368 893 428; x_wconf 89' lang='lat' dir='ltr'><strong>autem</strong></span> <span class='ocrx_word' id='word_1_19' title='bbox 916 363 1063 428; x_wconf 90' lang='lat' dir='ltr'><strong>cerritior</strong></span> <span class='ocrx_word' id='word_1_20' title='bbox 1084 365 1151 428; x_wconf 81' lang='lat' dir='ltr'><strong>fuit</strong></span> 
     </span>
     <span class='ocr_line' id='line_1_4' title="bbox 140 450 1151 536; baseline 0.001 -21"><span class='ocrx_word' id='word_1_21' title='bbox 140 472 236 534; x_wconf 87' lang='lat' dir='ltr'><strong>quam</strong></span> <span class='ocrx_word' id='word_1_22' title='bbox 258 452 293 515; x_wconf 91' lang='lat' dir='ltr'><strong>in</strong></span> <span class='ocrx_word' id='word_1_23' title='bbox 314 451 377 516; x_wconf 89' lang='lat' dir='ltr'><strong>hoc</strong></span> <span class='ocrx_word' id='word_1_24' title='bbox 397 452 537 536; x_wconf 80' lang='lat' dir='ltr'><strong>negotio.</strong></span> <span class='ocrx_word' id='word_1_25' title='bbox 583 450 677 535; x_wconf 90' lang='lat' dir='ltr'><strong>Nam,</strong></span> <span class='ocrx_word' id='word_1_26' title='bbox 701 451 787 535; x_wconf 92' lang='lat' dir='ltr'><strong>quod</strong></span> <span class='ocrx_word' id='word_1_27' title='bbox 810 453 849 516; x_wconf 88' lang='lat' dir='ltr'><strong>ad</strong></span> <span class='ocrx_word' id='word_1_28' title='bbox 872 456 905 516; x_wconf 83' lang='lat' dir='ltr'><strong>te</strong></span> <span class='ocrx_word' id='word_1_29' title='bbox 926 473 994 516; x_wconf 91' lang='lat' dir='ltr'><strong>non</strong></span> <span class='ocrx_word' id='word_1_30' title='bbox 1017 452 1151 536; x_wconf 79' lang='lat' dir='ltr'><strong>scripse</strong></span> 
     </span>
     <span class='ocr_line' id='line_1_5' title="bbox 138 539 1085 625; baseline 0.001 -22"><span class='ocrx_word' id='word_1_31' title='bbox 138 561 217 625; x_wconf 83' lang='lat' dir='ltr'><strong>ram,</strong></span> <span class='ocrx_word' id='word_1_32' title='bbox 239 544 353 622; x_wconf 87' lang='lat' dir='ltr'><strong>postea</strong></span> <span class='ocrx_word' id='word_1_33' title='bbox 376 539 483 604; x_wconf 86' lang='lat' dir='ltr'><strong>audivi</strong></span> <span class='ocrx_word' id='word_1_34' title='bbox 505 561 524 604; x_wconf 88' lang='lat' dir='ltr'><strong>a</strong></span> <span class='ocrx_word' id='word_1_35' title='bbox 547 539 644 603; x_wconf 88' lang='lat' dir='ltr'><strong>tertio</strong></span> <span class='ocrx_word' id='word_1_36' title='bbox 667 539 806 605; x_wconf 87' lang='lat' dir='ltr'><strong>miliario</strong></span> <span class='ocrx_word' id='word_1_37' title='bbox 830 544 901 604; x_wconf 90' lang='lat' dir='ltr'><strong>tum</strong></span> <span class='ocrx_word' id='word_1_38' title='bbox 924 561 998 604; x_wconf 92' lang='lat' dir='ltr'><strong>eum</strong></span> <span class='ocrx_word' id='word_1_39' title='bbox 1020 540 1085 604; x_wconf 87' lang='lat' dir='ltr'><strong>isse</strong></span> 
     </span>
    </p>
   </div>
   <div class='ocr_carea' id='block_1_3' title="bbox 218 643 1192 731">
    <p class='ocr_par' dir='ltr' id='par_1_3' title="bbox 218 643 1192 731">
     <span class='ocr_line' id='line_1_6' title="bbox 218 643 1192 731; baseline 0.001 -21"><span class='ocrx_word' id='word_1_40' title='bbox 218 645 340 711; x_wconf 66' lang='lat' dir='ltr'><strong>‘nollit</strong></span> <span class='ocrx_word' id='word_1_41' title='bbox 362 646 468 729; x_wconf 75' lang='grc' dir='ltr'><em>μάτην</em></span> <span class='ocrx_word' id='word_1_42' title='bbox 489 645 663 730; x_wconf 79' lang='grc' dir='ltr'><em>κεράεσσιν</em></span> <span class='ocrx_word' id='word_1_43' title='bbox 687 644 719 721; x_wconf 80' lang='grc' dir='ltr'><strong>ἐς</strong></span> <span class='ocrx_word' id='word_1_44' title='bbox 743 643 825 731; x_wconf 71' lang='grc' dir='ltr'><strong>ἠέρα</strong></span> <span class='ocrx_word' id='word_1_45' title='bbox 846 646 1072 729; x_wconf 75' lang='grc' dir='ltr'><strong><em>θυμήναντα’,</em></strong></span> <span class='ocrx_word' id='word_1_46' title='bbox 1179 670 1192 711; x_wconf 87' lang='lat'>5</span> 
     </span>
    </p>
   </div>
   <div class='ocr_carea' id='block_1_4' title="bbox 101 758 1192 1901">
    <p class='ocr_par' dir='ltr' id='par_1_4' title="bbox 135 758 1192 1371">
     <span class='ocr_line' id='line_1_7' title="bbox 138 758 1149 844; baseline -0.001 -20"><span class='ocrx_word' id='word_1_47' title='bbox 138 760 251 843; x_wconf 87' lang='lat' dir='ltr'><strong>multa,</strong></span> <span class='ocrx_word' id='word_1_48' title='bbox 274 759 415 843; x_wconf 87' lang='lat' dir='ltr'><strong>inquam,</strong></span> <span class='ocrx_word' id='word_1_49' title='bbox 437 758 522 823; x_wconf 88' lang='lat' dir='ltr'><strong>mala</strong></span> <span class='ocrx_word' id='word_1_50' title='bbox 541 780 612 823; x_wconf 91' lang='lat' dir='ltr'><strong>cum</strong></span> <span class='ocrx_word' id='word_1_51' title='bbox 632 759 765 824; x_wconf 75' lang='lat' dir='ltr'><strong>dixisset</strong></span> <span class='ocrx_word' id='word_1_52' title='bbox 785 781 843 823; x_wconf 90' lang='lat' dir='ltr'><strong>suo</strong></span> <span class='ocrx_word' id='word_1_53' title='bbox 863 759 969 844; x_wconf 90' lang='lat' dir='ltr'><strong>capiti,</strong></span> <span class='ocrx_word' id='word_1_54' title='bbox 991 763 1029 824; x_wconf 89' lang='lat' dir='ltr'><strong>ut</strong></span> <span class='ocrx_word' id='word_1_55' title='bbox 1047 759 1149 824; x_wconf 87' lang='lat' dir='ltr'><strong>aiunt.</strong></span> 
     </span>
     <span class='ocr_line' id='line_1_8' title="bbox 137 845 1150 913; baseline 0.001 -1"><span class='ocrx_word' id='word_1_56' title='bbox 137 846 201 912; x_wconf 79' lang='lat' dir='ltr'><strong>Sed</strong></span> <span class='ocrx_word' id='word_1_57' title='bbox 228 848 296 912; x_wconf 75' lang='lat' dir='ltr'><strong>cide</strong></span> <span class='ocrx_word' id='word_1_58' title='bbox 318 869 422 911; x_wconf 85' lang='lat' dir='ltr'><strong>meam</strong></span> <span class='ocrx_word' id='word_1_59' title='bbox 444 847 733 912; x_wconf 83' lang='lat' dir='ltr'><strong>mansuetudinem!</strong></span> <span class='ocrx_word' id='word_1_60' title='bbox 771 845 976 912; x_wconf 87' lang='lat' dir='ltr'><strong>Oonieceram</strong></span> <span class='ocrx_word' id='word_1_61' title='bbox 998 847 1033 911; x_wconf 94' lang='lat' dir='ltr'><strong>in</strong></span> <span class='ocrx_word' id='word_1_62' title='bbox 1054 849 1150 913; x_wconf 88' lang='lat' dir='ltr'><strong>fasci-</strong></span> 
     </span>
     <span class='ocr_line' id='line_1_9' title="bbox 136 935 1148 1019; baseline 0.001 -20"><span class='ocrx_word' id='word_1_63' title='bbox 136 935 245 999; x_wconf 89' lang='lat' dir='ltr'><strong>culum</strong></span> <span class='ocrx_word' id='word_1_64' title='bbox 275 957 339 998; x_wconf 86' lang='lat' dir='ltr'><strong>una</strong></span> <span class='ocrx_word' id='word_1_65' title='bbox 371 956 443 998; x_wconf 88' lang='lat' dir='ltr'><strong>cum</strong></span> <span class='ocrx_word' id='word_1_66' title='bbox 475 939 531 998; x_wconf 89' lang='lat' dir='ltr'><strong>tua</strong></span> <span class='ocrx_word' id='word_1_67' title='bbox 562 939 742 1000; x_wconf 86' lang='lat' dir='ltr'><strong>vementem</strong></span> <span class='ocrx_word' id='word_1_68' title='bbox 773 936 812 998; x_wconf 88' lang='lat' dir='ltr'><strong>ad</strong></span> <span class='ocrx_word' id='word_1_69' title='bbox 843 935 938 999; x_wconf 90' lang='lat' dir='ltr'><strong>illum</strong></span> <span class='ocrx_word' id='word_1_70' title='bbox 966 936 1148 1019; x_wconf 90' lang='lat' dir='ltr'><strong>epistulam.</strong></span> 
     </span>
     <span class='ocr_line' id='line_1_10' title="bbox 137 1023 1149 1088; baseline 0.002 -2"><span class='ocrx_word' id='word_1_71' title='bbox 137 1023 230 1086; x_wconf 89' lang='lat' dir='ltr'><strong>Hanc</strong></span> <span class='ocrx_word' id='word_1_72' title='bbox 259 1023 299 1086; x_wconf 87' lang='lat' dir='ltr'><strong>ad</strong></span> <span class='ocrx_word' id='word_1_73' title='bbox 328 1044 378 1086; x_wconf 93' lang='lat' dir='ltr'><strong>me</strong></span> <span class='ocrx_word' id='word_1_74' title='bbox 400 1023 513 1086; x_wconf 88' lang='lat' dir='ltr'><strong>referri</strong></span> <span class='ocrx_word' id='word_1_75' title='bbox 535 1023 608 1088; x_wconf 83' lang='lat' dir='ltr'><strong>volo</strong></span> <span class='ocrx_word' id='word_1_76' title='bbox 631 1046 689 1088; x_wconf 90' lang='lat' dir='ltr'><strong>nec</strong></span> <span class='ocrx_word' id='word_1_77' title='bbox 711 1023 811 1087; x_wconf 86' lang='lat' dir='ltr'><strong>ullam</strong></span> <span class='ocrx_word' id='word_1_78' title='bbox 834 1024 876 1087; x_wconf 93' lang='lat' dir='ltr'><strong>ob</strong></span> <span class='ocrx_word' id='word_1_79' title='bbox 900 1023 995 1087; x_wconf 87' lang='lat' dir='ltr'><strong>aliam</strong></span> <span class='ocrx_word' id='word_1_80' title='bbox 1018 1045 1149 1088; x_wconf 84' lang='lat' dir='ltr'><strong>causam</strong></span> 
     </span>
     <span class='ocr_line' id='line_1_11' title="bbox 135 1109 1192 1194; baseline 0.002 -20"><span class='ocrx_word' id='word_1_81' title='bbox 135 1109 291 1175; x_wconf 82' lang='lat' dir='ltr'><strong>Pollicem</strong></span> <span class='ocrx_word' id='word_1_82' title='bbox 323 1131 450 1174; x_wconf 84' lang='lat' dir='ltr'><strong>servum</strong></span> <span class='ocrx_word' id='word_1_83' title='bbox 482 1135 500 1176; x_wconf 86' lang='lat' dir='ltr'><strong>a</strong></span> <span class='ocrx_word' id='word_1_84' title='bbox 527 1111 661 1194; x_wconf 90' lang='lat' dir='ltr'><strong>pedibus</strong></span> <span class='ocrx_word' id='word_1_85' title='bbox 689 1111 770 1176; x_wconf 89' lang='lat' dir='ltr'><strong>meis</strong></span> <span class='ocrx_word' id='word_1_86' title='bbox 797 1110 934 1176; x_wconf 83' lang='lat' dir='ltr'><strong>Romam</strong></span> <span class='ocrx_word' id='word_1_87' title='bbox 960 1111 1044 1175; x_wconf 90' lang='lat' dir='ltr'><strong>misi.</strong></span> <span class='ocrx_word' id='word_1_88' title='bbox 1095 1112 1192 1177; x_wconf 84' lang='lat' dir='ltr'>E010</span> 
     </span>
     <span class='ocr_line' id='line_1_12' title="bbox 137 1199 1148 1285; baseline 0.003 -24"><span class='ocrx_word' id='word_1_89' title='bbox 137 1201 245 1262; x_wconf 88' lang='lat' dir='ltr'><strong>autem</strong></span> <span class='ocrx_word' id='word_1_90' title='bbox 263 1199 304 1262; x_wconf 88' lang='lat' dir='ltr'><strong>ad</strong></span> <span class='ocrx_word' id='word_1_91' title='bbox 321 1202 354 1262; x_wconf 89' lang='lat' dir='ltr'><strong>te</strong></span> <span class='ocrx_word' id='word_1_92' title='bbox 373 1199 495 1283; x_wconf 83' lang='lat' dir='ltr'>scripsi,</span> <span class='ocrx_word' id='word_1_93' title='bbox 517 1205 563 1283; x_wconf 85' lang='lat' dir='ltr'><strong>ut,</strong></span> <span class='ocrx_word' id='word_1_94' title='bbox 582 1201 610 1264; x_wconf 88' lang='lat' dir='ltr'><strong>si</strong></span> <span class='ocrx_word' id='word_1_95' title='bbox 630 1200 692 1263; x_wconf 91' lang='lat' dir='ltr'><strong>tibi</strong></span> <span class='ocrx_word' id='word_1_96' title='bbox 709 1200 793 1264; x_wconf 86' lang='lat' dir='ltr'><strong>forte</strong></span> <span class='ocrx_word' id='word_1_97' title='bbox 810 1200 935 1264; x_wconf 88' lang='lat' dir='ltr'><strong>reddita</strong></span> <span class='ocrx_word' id='word_1_98' title='bbox 954 1203 1048 1285; x_wconf 87' lang='lat' dir='ltr'><strong>esset,</strong></span> <span class='ocrx_word' id='word_1_99' title='bbox 1064 1200 1148 1264; x_wconf 83' lang='lat' dir='ltr'><strong>mihi</strong></span> 
     </span>
     <span class='ocr_line' id='line_1_13' title="bbox 138 1287 1074 1371; baseline 0.002 -21"><span class='ocrx_word' id='word_1_100' title='bbox 138 1308 264 1350; x_wconf 85' lang='lat' dir='ltr'><strong>curares</strong></span> <span class='ocrx_word' id='word_1_101' title='bbox 287 1287 494 1371; x_wconf 79' lang='lat' dir='ltr'><strong>referendam,</strong></span> <span class='ocrx_word' id='word_1_102' title='bbox 516 1309 556 1352; x_wconf 93' lang='lat' dir='ltr'><strong>ne</strong></span> <span class='ocrx_word' id='word_1_103' title='bbox 579 1287 615 1350; x_wconf 90' lang='lat' dir='ltr'><strong>in</strong></span> <span class='ocrx_word' id='word_1_104' title='bbox 637 1288 724 1352; x_wconf 91' lang='lat' dir='ltr'><strong>illius</strong></span> <span class='ocrx_word' id='word_1_105' title='bbox 748 1310 861 1351; x_wconf 91' lang='lat' dir='ltr'><strong>manus</strong></span> <span class='ocrx_word' id='word_1_106' title='bbox 885 1288 1074 1371; x_wconf 81' lang='lat' dir='ltr'><strong>perveniret</strong></span> 
     </span>
    </p>

    <p class='ocr_par' dir='ltr' id='par_1_5' title="bbox 101 1372 1190 1901">
     <span class='ocr_line' id='line_1_14' title="bbox 101 1372 1149 1461; baseline 0 -21"><span class='ocrx_word' id='word_1_107' title='bbox 101 1393 118 1440; x_wconf 74' lang='grc' dir='ltr'>ι</span> <span class='ocrx_word' id='word_1_108' title='bbox 203 1372 339 1438; x_wconf 86' lang='lat' dir='ltr'><strong>Novi</strong></span> <span class='ocrx_word' id='word_1_109' title='bbox 313 1397 342 1440; x_wconf 91' lang='lat' dir='ltr'><strong>s1</strong></span> <span class='ocrx_word' id='word_1_110' title='bbox 365 1376 442 1458; x_wconf 92' lang='lat' dir='ltr'><strong>quid</strong></span> <span class='ocrx_word' id='word_1_111' title='bbox 464 1380 557 1461; x_wconf 88' lang='lat' dir='ltr'><strong>esset,</strong></span> <span class='ocrx_word' id='word_1_112' title='bbox 580 1375 786 1459; x_wconf 89' lang='lat' dir='ltr'><strong>scripsissem.</strong></span> <span class='ocrx_word' id='word_1_113' title='bbox 823 1375 949 1440; x_wconf 89' lang='lat' dir='ltr'><strong>Pendeo</strong></span> <span class='ocrx_word' id='word_1_114' title='bbox 973 1376 1072 1440; x_wconf 85' lang='lat' dir='ltr'><strong>animi</strong></span> <span class='ocrx_word' id='word_1_115' title='bbox 1095 1397 1149 1440; x_wconf 81' lang='lat' dir='ltr'><strong>ex-</strong></span> 
     </span>
     <span class='ocr_line' id='line_1_15' title="bbox 138 1429 1148 1565; baseline 0.002 -39"><span class='ocrx_word' id='word_1_116' title='bbox 138 1463 335 1545; x_wconf 86' lang='lat' dir='ltr'><strong>spectatione</strong></span> <span class='ocrx_word' id='word_1_117' title='bbox 358 1429 598 1546; x_wconf 83' lang='lat' dir='ltr'><strong>Corfiniensi,</strong></span> <span class='ocrx_word' id='word_1_118' title='bbox 588 1486 624 1528; x_wconf 92' lang='lat' dir='ltr'><strong>m</strong></span> <span class='ocrx_word' id='word_1_119' title='bbox 652 1487 714 1548; x_wconf 85' lang='lat' dir='ltr'><strong>qua</strong></span> <span class='ocrx_word' id='word_1_120' title='bbox 742 1465 780 1528; x_wconf 91' lang='lat' dir='ltr'><strong>de</strong></span> <span class='ocrx_word' id='word_1_121' title='bbox 803 1463 907 1528; x_wconf 87' lang='lat' dir='ltr'><strong>salute</strong></span> <span class='ocrx_word' id='word_1_122' title='bbox 874 1463 977 1528; x_wconf 89' lang='lat' dir='ltr'><strong>trei</strong></span> <span class='ocrx_word' id='word_1_123' title='bbox 998 1464 1148 1565; x_wconf 79' lang='lat' dir='ltr'><strong>publicae</strong></span> 
     </span>
     <span class='ocr_line' id='line_1_16' title="bbox 137 1549 1190 1637; baseline 0.004 -24"><span class='ocrx_word' id='word_1_124' title='bbox 137 1551 330 1616; x_wconf 73' lang='lat' dir='ltr'><strong>decernetur.</strong></span> <span class='ocrx_word' id='word_1_125' title='bbox 376 1549 425 1614; x_wconf 81' lang='lat' dir='ltr'><strong>Tu</strong></span> <span class='ocrx_word' id='word_1_126' title='bbox 452 1552 654 1637; x_wconf 85' lang='lat' dir='ltr'><strong>fasciculum,</strong></span> <span class='ocrx_word' id='word_1_127' title='bbox 685 1550 741 1635; x_wconf 91' lang='lat' dir='ltr'><strong>qui</strong></span> <span class='ocrx_word' id='word_1_128' title='bbox 771 1556 820 1616; x_wconf 90' lang='lat' dir='ltr'><strong>est</strong></span> <span class='ocrx_word' id='word_1_129' title='bbox 806 1551 893 1616; x_wconf 55' lang='lat' dir='ltr'>th</span> <span class='ocrx_word' id='word_1_130' title='bbox 913 1549 1044 1616; x_wconf 86' lang='lat' dir='ltr'><strong>Curio</strong></span> <span class='ocrx_word' id='word_1_131' title='bbox 1034 1553 1148 1616; x_wconf 89' lang='lat' dir='ltr'><strong>mscri-</strong></span> <span class='ocrx_word' id='word_1_132' title='bbox 1161 1576 1190 1618; x_wconf 85' lang='lat'><strong>15</strong></span> 
     </span>
     <span class='ocr_line' id='line_1_17' title="bbox 136 1604 1148 1724; baseline 0.001 -21"><span class='ocrx_word' id='word_1_133' title='bbox 136 1643 221 1724; x_wconf 91' lang='lat' dir='ltr'><strong>ptus,</strong></span> <span class='ocrx_word' id='word_1_134' title='bbox 243 1640 341 1704; x_wconf 86' lang='lat' dir='ltr'><strong>velim</strong></span> <span class='ocrx_word' id='word_1_135' title='bbox 360 1660 450 1704; x_wconf 91' lang='lat' dir='ltr'><strong>cures</strong></span> <span class='ocrx_word' id='word_1_136' title='bbox 465 1640 591 1704; x_wconf 87' lang='lat' dir='ltr'><strong>adeum</strong></span> <span class='ocrx_word' id='word_1_137' title='bbox 609 1604 832 1723; x_wconf 67' lang='lat' dir='ltr'><strong>perferendum</strong></span> <span class='ocrx_word' id='word_1_138' title='bbox 850 1638 1064 1723; x_wconf 81' lang='lat' dir='ltr'><strong>Tironemque</strong></span> <span class='ocrx_word' id='word_1_139' title='bbox 1083 1638 1148 1704; x_wconf 84' lang='lat' dir='ltr'><strong>Ou-</strong></span> 
     </span>
     <span class='ocr_line' id='line_1_18' title="bbox 136 1727 1149 1814; baseline 0.002 -24"><span class='ocrx_word' id='word_1_140' title='bbox 136 1728 185 1792; x_wconf 90' lang='lat' dir='ltr'><strong>rio</strong></span> <span class='ocrx_word' id='word_1_141' title='bbox 216 1728 417 1792; x_wconf 84' lang='lat' dir='ltr'><strong>commendes</strong></span> <span class='ocrx_word' id='word_1_142' title='bbox 447 1731 546 1812; x_wconf 90' lang='lat' dir='ltr'><strong>ct,u</strong></span> <span class='ocrx_word' id='word_1_143' title='bbox 524 1731 561 1793; x_wconf 90' lang='lat' dir='ltr'><strong>ut</strong></span> <span class='ocrx_word' id='word_1_144' title='bbox 591 1727 644 1791; x_wconf 88' lang='lat' dir='ltr'><strong>det</strong></span> <span class='ocrx_word' id='word_1_145' title='bbox 630 1728 719 1814; x_wconf 91' lang='lat' dir='ltr'><strong>tei,</strong></span> <span class='ocrx_word' id='word_1_146' title='bbox 751 1728 779 1792; x_wconf 90' lang='lat' dir='ltr'><strong>si</strong></span> <span class='ocrx_word' id='word_1_147' title='bbox 809 1728 886 1810; x_wconf 91' lang='lat' dir='ltr'><strong>quid</strong></span> <span class='ocrx_word' id='word_1_148' title='bbox 915 1748 996 1810; x_wconf 89' lang='lat' dir='ltr'><strong>opus</strong></span> <span class='ocrx_word' id='word_1_149' title='bbox 1023 1728 1149 1792; x_wconf 89' lang='lat' dir='ltr'><strong>eritin</strong></span> 
     </span>
     <span class='ocr_line' id='line_1_19' title="bbox 137 1820 435 1901; baseline -0.007 -21"><span class='ocrx_word' id='word_1_150' title='bbox 137 1820 311 1901; x_wconf 90' lang='lat' dir='ltr'><strong>sumptum,</strong></span> <span class='ocrx_word' id='word_1_151' title='bbox 332 1836 435 1900; x_wconf 84' lang='lat' dir='ltr'><strong>roges.</strong></span> 
     </span>
    </p>
   </div>
   <div class='ocr_carea' id='block_1_5' title="bbox 196 1979 1190 2253">
    <p class='ocr_par' dir='ltr' id='par_1_6' title="bbox 196 1979 1190 2253">
     <span class='ocr_line' id='line_1_20' title="bbox 612 1979 666 2046; baseline -0.019 0"><span class='ocrx_word' id='word_1_152' title='bbox 612 1979 666 2046; x_wconf 89' lang='lat' dir='ltr'><strong>VI.</strong></span> 
     </span>
     <span class='ocr_line' id='line_1_21' title="bbox 196 2092 1190 2161; baseline -0.005 -12"><span class='ocrx_word' id='word_1_153' title='bbox 196 2093 252 2149; x_wconf 83' lang='lat' dir='ltr'><strong>Sor.</strong></span> <span class='ocrx_word' id='word_1_154' title='bbox 266 2094 299 2148; x_wconf 80' lang='lat' dir='ltr'><strong>ia</strong></span> <span class='ocrx_word' id='word_1_155' title='bbox 316 2094 470 2149; x_wconf 75' lang='lat' dir='ltr'><strong>Formiano</strong></span> <span class='ocrx_word' id='word_1_156' title='bbox 487 2093 538 2148; x_wconf 92' lang='lat' dir='ltr'><strong>IX</strong></span> <span class='ocrx_word' id='word_1_157' title='bbox 555 2093 591 2148; x_wconf 91' lang='lat' dir='ltr'><strong>K.</strong></span> <span class='ocrx_word' id='word_1_158' title='bbox 607 2093 703 2161; x_wconf 75' lang='lat' dir='ltr'><strong>Mart,</strong></span> <span class='ocrx_word' id='word_1_159' title='bbox 720 2099 753 2148; x_wconf 78' lang='lat' dir='ltr'><strong>ut</strong></span> <span class='ocrx_word' id='word_1_160' title='bbox 770 2092 885 2160; x_wconf 77' lang='lat' dir='ltr'><strong>videtur,</strong></span> <span class='ocrx_word' id='word_1_161' title='bbox 905 2109 930 2146; x_wconf 86' lang='lat' dir='ltr'><strong>a.</strong></span> <span class='ocrx_word' id='word_1_162' title='bbox 947 2095 1002 2147; x_wconf 84' lang='lat'><strong>705</strong></span> <span class='ocrx_word' id='word_1_163' title='bbox 1022 2095 1090 2161; x_wconf 74' lang='lat'><em>(49).</em></span> <span class='ocrx_word' id='word_1_164' title='bbox 1162 2105 1190 2144; x_wconf 79' lang='lat' dir='ltr'><strong>ao</strong></span> 
     </span>
     <span class='ocr_line' id='line_1_22' title="bbox 453 2196 824 2253; baseline -0.005 -1"><span class='ocrx_word' id='word_1_165' title='bbox 453 2196 580 2252; x_wconf 81' lang='lat' dir='ltr'>CICERO</span> <span class='ocrx_word' id='word_1_166' title='bbox 599 2197 731 2253; x_wconf 83' lang='lat' dir='ltr'>ATTICO</span> <span class='ocrx_word' id='word_1_167' title='bbox 750 2197 824 2252; x_wconf 85' lang='lat' dir='ltr'>SAL.</span> 
     </span>
    </p>
   </div>
   <div class='ocr_carea' id='block_1_6' title="bbox 101 2296 1291 3528">
    <p class='ocr_par' dir='ltr' id='par_1_7' title="bbox 101 2296 1291 2734">
     <span class='ocr_line' id='line_1_23' title="bbox 101 2296 1149 2384; baseline -0.004 -19"><span class='ocrx_word' id='word_1_168' title='bbox 101 2317 116 2365; x_wconf 89' lang='lat'>1</span> <span class='ocrx_word' id='word_1_169' title='bbox 203 2296 381 2382; x_wconf 80' lang='lat' dir='ltr'><strong>Obsignata</strong></span> <span class='ocrx_word' id='word_1_170' title='bbox 402 2298 467 2361; x_wconf 89' lang='lat' dir='ltr'><strong>iam</strong></span> <span class='ocrx_word' id='word_1_171' title='bbox 490 2298 554 2362; x_wconf 89' lang='lat' dir='ltr'><strong>ista</strong></span> <span class='ocrx_word' id='word_1_172' title='bbox 577 2297 729 2384; x_wconf 77' lang='lat' dir='ltr'><strong>epistula,</strong></span> <span class='ocrx_word' id='word_1_173' title='bbox 757 2318 853 2381; x_wconf 81' lang='lat' dir='ltr'><strong>quam</strong></span> <span class='ocrx_word' id='word_1_174' title='bbox 876 2296 914 2360; x_wconf 91' lang='lat' dir='ltr'><strong>de</strong></span> <span class='ocrx_word' id='word_1_175' title='bbox 936 2301 1030 2361; x_wconf 91' lang='lat' dir='ltr'><strong>nocte</strong></span> <span class='ocrx_word' id='word_1_176' title='bbox 1054 2297 1149 2361; x_wconf 81' lang='lat' dir='ltr'><strong>detu—</strong></span> 
     </span>
     <span class='ocr_line' id='line_1_24' title="bbox 136 2383 1148 2472; baseline -0.002 -22"><span class='ocrx_word' id='word_1_177' title='bbox 136 2407 191 2450; x_wconf 90' lang='lat' dir='ltr'><strong>rus</strong></span> <span class='ocrx_word' id='word_1_178' title='bbox 221 2407 320 2468; x_wconf 91' lang='lat' dir='ltr'><strong>eram,</strong></span> <span class='ocrx_word' id='word_1_179' title='bbox 353 2386 435 2449; x_wconf 89' lang='lat' dir='ltr'><strong>sicut</strong></span> <span class='ocrx_word' id='word_1_180' title='bbox 465 2386 537 2449; x_wconf 91' lang='lat' dir='ltr'><strong>dedi</strong></span> <span class='ocrx_word' id='word_1_181' title='bbox 564 2383 654 2472; x_wconf 84' lang='lat' dir='ltr'><strong>(nam</strong></span> <span class='ocrx_word' id='word_1_182' title='bbox 681 2408 752 2450; x_wconf 92' lang='lat' dir='ltr'><strong>eam</strong></span> <span class='ocrx_word' id='word_1_183' title='bbox 779 2385 905 2467; x_wconf 84' lang='lat' dir='ltr'><strong>vesperi</strong></span> <span class='ocrx_word' id='word_1_184' title='bbox 935 2383 1148 2472; x_wconf 84' lang='lat' dir='ltr'><strong>scripseram),</strong></span> 
     </span>
     <span class='ocr_line' id='line_1_25' title="bbox 137 2471 1147 2556; baseline -0.002 -18"><span class='ocrx_word' id='word_1_185' title='bbox 137 2472 171 2538; x_wconf 78' lang='grc' dir='ltr'><strong>Ο.</strong></span> <span class='ocrx_word' id='word_1_186' title='bbox 195 2471 307 2538; x_wconf 83' lang='lat' dir='ltr'><strong>Sosius</strong></span> <span class='ocrx_word' id='word_1_187' title='bbox 334 2477 463 2556; x_wconf 87' lang='lat' dir='ltr'><strong>praetor</strong></span> <span class='ocrx_word' id='word_1_188' title='bbox 492 2475 527 2536; x_wconf 93' lang='lat' dir='ltr'><strong>in</strong></span> <span class='ocrx_word' id='word_1_189' title='bbox 553 2473 761 2539; x_wconf 84' lang='lat' dir='ltr'><strong>Formianum</strong></span> <span class='ocrx_word' id='word_1_190' title='bbox 792 2473 881 2537; x_wconf 83' lang='lat' dir='ltr'><strong>venit</strong></span> <span class='ocrx_word' id='word_1_191' title='bbox 909 2473 949 2536; x_wconf 89' lang='lat' dir='ltr'><strong>ad</strong></span> <span class='ocrx_word' id='word_1_192' title='bbox 975 2472 1027 2536; x_wconf 80' lang='grc' dir='ltr'><strong>Μ’.</strong></span> <span class='ocrx_word' id='word_1_193' title='bbox 1050 2472 1147 2555; x_wconf 89' lang='lat' dir='ltr'><strong>Lepi-</strong></span> 
     </span>
     <span class='ocr_line' id='line_1_26' title="bbox 137 2560 1291 2647; baseline 0.001 -20"><span class='ocrx_word' id='word_1_194' title='bbox 137 2563 223 2645; x_wconf 91' lang='lat' dir='ltr'><strong>dum,</strong></span> <span class='ocrx_word' id='word_1_195' title='bbox 244 2561 385 2625; x_wconf 87' lang='lat' dir='ltr'><strong>vicinum</strong></span> <span class='ocrx_word' id='word_1_196' title='bbox 406 2566 564 2647; x_wconf 89' lang='lat' dir='ltr'><strong>nostrum,</strong></span> <span class='ocrx_word' id='word_1_197' title='bbox 586 2563 702 2646; x_wconf 90' lang='lat' dir='ltr'><strong>quoius</strong></span> <span class='ocrx_word' id='word_1_198' title='bbox 726 2565 877 2646; x_wconf 84' lang='lat' dir='ltr'><strong>quaestor</strong></span> <span class='ocrx_word' id='word_1_199' title='bbox 895 2561 966 2625; x_wconf 82' lang='lat' dir='ltr'><strong>fuit.</strong></span> <span class='ocrx_word' id='word_1_200' title='bbox 1011 2560 1146 2644; x_wconf 92' lang='lat' dir='ltr'><strong>Pompei</strong></span> <span class='ocrx_word' id='word_1_201' title='bbox 1160 2587 1188 2628; x_wconf 77' lang='lat' dir='ltr'><strong>rs</strong></span> <span class='ocrx_word' id='word_1_202' title='bbox 1290 2575 1291 2638; x_wconf 59' lang='grc' dir='ltr'>ἒ</span> 
     </span>
     <span class='ocr_line' id='line_1_27' title="bbox 136 2649 900 2734; baseline 0 -21"><span class='ocrx_word' id='word_1_203' title='bbox 136 2649 319 2713; x_wconf 88' lang='lat' dir='ltr'><strong>litterarum</strong></span> <span class='ocrx_word' id='word_1_204' title='bbox 342 2649 382 2714; x_wconf 86' lang='lat' dir='ltr'><strong>ad</strong></span> <span class='ocrx_word' id='word_1_205' title='bbox 404 2649 550 2714; x_wconf 88' lang='lat' dir='ltr'><strong>consules</strong></span> <span class='ocrx_word' id='word_1_206' title='bbox 575 2650 754 2734; x_wconf 88' lang='lat' dir='ltr'><strong>exemplum</strong></span> <span class='ocrx_word' id='word_1_207' title='bbox 777 2649 900 2713; x_wconf 86' lang='lat' dir='ltr'><strong>attulit:</strong></span> 
     </span>
    </p>

    <p class='ocr_par' dir='ltr' id='par_1_8' title="bbox 101 2735 1187 3528">
     <span class='ocr_line' id='line_1_28' title="bbox 101 2735 1144 2804; baseline -0.004 0"><span class='ocrx_word' id='word_1_208' title='bbox 101 2755 117 2804; x_wconf 74' lang='grc' dir='ltr'>ι</span> <span class='ocrx_word' id='word_1_209' title='bbox 204 2736 392 2800; x_wconf 75' lang='lat' dir='ltr'><strong>‘Litterae</strong></span> <span class='ocrx_word' id='word_1_210' title='bbox 414 2737 508 2800; x_wconf 90' lang='lat' dir='ltr'><strong>mihi</strong></span> <span class='ocrx_word' id='word_1_211' title='bbox 531 2761 549 2802; x_wconf 85' lang='lat' dir='ltr'><strong>a</strong></span> <span class='ocrx_word' id='word_1_212' title='bbox 571 2737 605 2802; x_wconf 81' lang='lat' dir='ltr'><strong>L.</strong></span> <span class='ocrx_word' id='word_1_213' title='bbox 625 2737 796 2803; x_wconf 87' lang='lat' dir='ltr'><strong>Domitio</strong></span> <span class='ocrx_word' id='word_1_214' title='bbox 821 2761 847 2802; x_wconf 84' lang='lat' dir='ltr'><strong>a.</strong></span> <span class='ocrx_word' id='word_1_215' title='bbox 862 2736 889 2801; x_wconf 95' lang='lat' dir='ltr'><strong>d.</strong></span> <span class='ocrx_word' id='word_1_216' title='bbox 904 2753 968 2800; x_wconf 84' lang='lat' dir='ltr'><strong>xm</strong></span> <span class='ocrx_word' id='word_1_217' title='bbox 989 2735 1144 2800; x_wconf 86' lang='lat' dir='ltr'><strong>Kalend.</strong></span> 
     </span>
     <span class='ocr_line' id='line_1_29' title="bbox 136 2824 1146 2908; baseline -0.001 -20"><span class='ocrx_word' id='word_1_218' title='bbox 136 2824 247 2889; x_wconf 88' lang='lat' dir='ltr'><strong>Mart.</strong></span> <span class='ocrx_word' id='word_1_219' title='bbox 285 2824 427 2890; x_wconf 83' lang='lat' dir='ltr'><strong>allatae</strong></span> <span class='ocrx_word' id='word_1_220' title='bbox 463 2831 559 2889; x_wconf 88' lang='lat' dir='ltr'><strong>sunt.</strong></span> <span class='ocrx_word' id='word_1_221' title='bbox 611 2826 757 2891; x_wconf 81' lang='lat' dir='ltr'><strong>Earum</strong></span> <span class='ocrx_word' id='word_1_222' title='bbox 794 2825 1008 2908; x_wconf 87' lang='lat' dir='ltr'><strong>exemplum</strong></span> <span class='ocrx_word' id='word_1_223' title='bbox 1043 2825 1146 2888; x_wconf 86' lang='lat' dir='ltr'><strong>infre</strong></span> 
     </span>
     <span class='ocr_line' id='line_1_30' title="bbox 136 2911 1144 2999; baseline -0.001 -21"><span class='ocrx_word' id='word_1_224' title='bbox 136 2913 283 2996; x_wconf 88' lang='lat' dir='ltr'><strong>scripsi.</strong></span> <span class='ocrx_word' id='word_1_225' title='bbox 320 2911 445 2999; x_wconf 90' lang='lat' dir='ltr'><strong>Nunc,</strong></span> <span class='ocrx_word' id='word_1_226' title='bbox 462 2917 504 2977; x_wconf 93' lang='lat' dir='ltr'><strong>ut</strong></span> <span class='ocrx_word' id='word_1_227' title='bbox 528 2933 597 2997; x_wconf 81' lang='lat' dir='ltr'><strong>ego</strong></span> <span class='ocrx_word' id='word_1_228' title='bbox 619 2936 695 2978; x_wconf 95' lang='lat' dir='ltr'><strong>non</strong></span> <span class='ocrx_word' id='word_1_229' title='bbox 718 2913 893 2997; x_wconf 85' lang='lat' dir='ltr'><strong>scribam,</strong></span> <span class='ocrx_word' id='word_1_230' title='bbox 916 2916 984 2976; x_wconf 85' lang='lat' dir='ltr'><strong>tue</strong></span> <span class='ocrx_word' id='word_1_231' title='bbox 1007 2915 1144 2995; x_wconf 87' lang='lat' dir='ltr'><strong>sponte</strong></span> 
     </span>
     <span class='ocr_line' id='line_1_31' title="bbox 137 3000 1187 3085; baseline 0.002 -21"><span class='ocrx_word' id='word_1_232' title='bbox 137 3005 174 3065; x_wconf 88' lang='lat' dir='ltr'><strong>te</strong></span> <span class='ocrx_word' id='word_1_233' title='bbox 201 3000 434 3085; x_wconf 82' lang='lat' dir='ltr'><strong>intellegere</strong></span> <span class='ocrx_word' id='word_1_234' title='bbox 464 3000 556 3085; x_wconf 89' lang='lat' dir='ltr'><strong>scic,</strong></span> <span class='ocrx_word' id='word_1_235' title='bbox 585 3002 721 3084; x_wconf 87' lang='lat' dir='ltr'><strong>quanti</strong></span> <span class='ocrx_word' id='word_1_236' title='bbox 743 3001 799 3066; x_wconf 91' lang='lat' dir='ltr'><strong>rei</strong></span> <span class='ocrx_word' id='word_1_237' title='bbox 821 3000 1000 3084; x_wconf 87' lang='lat' dir='ltr'><strong>publicae</strong></span> <span class='ocrx_word' id='word_1_238' title='bbox 1023 3001 1187 3066; x_wconf 79' lang='lat' dir='ltr'><strong>inter-so</strong></span> 
     </span>
     <span class='ocr_line' id='line_1_32' title="bbox 137 3088 1146 3172; baseline -0.002 -19"><span class='ocrx_word' id='word_1_239' title='bbox 137 3089 189 3154; x_wconf 85' lang='lat' dir='ltr'><strong>sit</strong></span> <span class='ocrx_word' id='word_1_240' title='bbox 222 3110 349 3153; x_wconf 87' lang='lat' dir='ltr'><strong>omnes</strong></span> <span class='ocrx_word' id='word_1_241' title='bbox 379 3089 509 3172; x_wconf 87' lang='lat' dir='ltr'><strong>copias</strong></span> <span class='ocrx_word' id='word_1_242' title='bbox 541 3089 581 3152; x_wconf 92' lang='lat' dir='ltr'><strong>in</strong></span> <span class='ocrx_word' id='word_1_243' title='bbox 609 3112 723 3153; x_wconf 91' lang='lat' dir='ltr'><strong>unum</strong></span> <span class='ocrx_word' id='word_1_244' title='bbox 750 3089 874 3154; x_wconf 88' lang='lat' dir='ltr'><strong>locum</strong></span> <span class='ocrx_word' id='word_1_245' title='bbox 901 3088 1022 3172; x_wconf 90' lang='lat' dir='ltr'><strong>primo</strong></span> <span class='ocrx_word' id='word_1_246' title='bbox 1053 3109 1146 3171; x_wconf 88' lang='lat' dir='ltr'><strong>quo-</strong></span> 
     </span>
     <span class='ocr_line' id='line_1_33' title="bbox 138 3175 1146 3262; baseline -0.004 -20"><span class='ocrx_word' id='word_1_247' title='bbox 138 3198 208 3260; x_wconf 87' lang='lat' dir='ltr'><strong>quc</strong></span> <span class='ocrx_word' id='word_1_248' title='bbox 236 3181 405 3260; x_wconf 87' lang='lat' dir='ltr'><strong>tempore</strong></span> <span class='ocrx_word' id='word_1_249' title='bbox 429 3177 640 3241; x_wconf 84' lang='lat' dir='ltr'><strong>convenire.</strong></span> <span class='ocrx_word' id='word_1_250' title='bbox 686 3177 753 3262; x_wconf 84' lang='lat' dir='ltr'><strong>Tu,</strong></span> <span class='ocrx_word' id='word_1_251' title='bbox 781 3177 813 3240; x_wconf 90' lang='lat' dir='ltr'><strong>si</strong></span> <span class='ocrx_word' id='word_1_252' title='bbox 835 3176 911 3240; x_wconf 92' lang='lat' dir='ltr'><strong>tibi</strong></span> <span class='ocrx_word' id='word_1_253' title='bbox 933 3175 1146 3259; x_wconf 87' lang='lat' dir='ltr'><strong>videbitur,</strong></span> 
     </span>
     <span class='ocr_line' id='line_1_34' title="bbox 137 3264 1147 3348; baseline -0.004 -18"><span class='ocrx_word' id='word_1_254' title='bbox 137 3265 247 3330; x_wconf 86' lang='lat' dir='ltr'><strong>dabis</strong></span> <span class='ocrx_word' id='word_1_255' title='bbox 272 3286 439 3348; x_wconf 88' lang='lat' dir='ltr'><strong>operam,</strong></span> <span class='ocrx_word' id='word_1_256' title='bbox 462 3269 503 3329; x_wconf 89' lang='grc' dir='ltr'>ιι1</span> <span class='ocrx_word' id='word_1_257' title='bbox 526 3286 643 3348; x_wconf 87' lang='lat' dir='ltr'><strong>quam</strong></span> <span class='ocrx_word' id='word_1_258' title='bbox 666 3265 828 3347; x_wconf 92' lang='lat' dir='ltr'><strong>primum</strong></span> <span class='ocrx_word' id='word_1_259' title='bbox 851 3264 896 3328; x_wconf 88' lang='lat' dir='ltr'><strong>ad</strong></span> <span class='ocrx_word' id='word_1_260' title='bbox 914 3285 982 3328; x_wconf 88' lang='lat' dir='ltr'><strong>nos</strong></span> <span class='ocrx_word' id='word_1_261' title='bbox 1001 3264 1147 3348; x_wconf 80' lang='lat' dir='ltr'><strong>venias,</strong></span> 
     </span>
     <span class='ocr_line' id='line_1_35' title="bbox 135 3350 1147 3436; baseline -0.003 -20"><span class='ocrx_word' id='word_1_262' title='bbox 135 3353 322 3436; x_wconf 90' lang='lat' dir='ltr'><strong>praesidii</strong></span> <span class='ocrx_word' id='word_1_263' title='bbox 354 3350 504 3436; x_wconf 84' lang='lat' dir='ltr'><strong>Capuae</strong></span> <span class='ocrx_word' id='word_1_264' title='bbox 537 3355 721 3435; x_wconf 85' lang='lat' dir='ltr'><strong>quantum</strong></span> <span class='ocrx_word' id='word_1_265' title='bbox 753 3351 1016 3416; x_wconf 89' lang='lat' dir='ltr'><strong>constitueris</strong></span> <span class='ocrx_word' id='word_1_266' title='bbox 1049 3351 1147 3415; x_wconf 82' lang='lat' dir='ltr'><strong>setis</strong></span> 
     </span>
     <span class='ocr_line' id='line_1_36' title="bbox 136 3440 476 3528; baseline 0 -24"><span class='ocrx_word' id='word_1_267' title='bbox 136 3461 232 3528; x_wconf 87' lang='lat' dir='ltr'><strong>esse,</strong></span> <span class='ocrx_word' id='word_1_268' title='bbox 259 3440 476 3524; x_wconf 69' lang='lat' dir='ltr'><strong>relinquas?</strong></span> 
     </span>
    </p>
   </div>
   <div class='ocr_carea' id='block_1_7' title="bbox 0 0 1312 3884">
    <p class='ocr_par' dir='ltr' id='par_1_9' title="bbox 0 0 1312 3884">
     <span class='ocr_line' id='line_1_37' title="bbox 0 0 1312 3884; baseline 0 2"><span class='ocrx_word' id='word_1_269' title='bbox 0 0 1312 3884; x_wconf 95' lang='lat' dir='ltr'><strong> </strong></span> 
     </span>
    </p>
   </div>
  </div>
 </body>
</html>
