2586 3886
182 142 224 206 98
502 141 540 194 II.
560 140 667 194 TULLI
686 139 875 195 CICERONIS

179 284 300 348 mirum
314 287 376 368 est;
395 283 564 348 eratenim
583 283 712 347 difficile
731 283 881 369 reperire,
900 283 957 366 qui
975 285 1087 346 contra
1105 286 1208 346 tanta

181 372 347 437 commoda
370 371 507 436 duorum
529 372 697 435 consulum
723 372 830 454 palam
854 370 1046 435 sententiam
1069 371 1205 435 diceret.

181 460 258 524 Fuit
274 460 405 524 omnino
420 459 551 523 difficile
564 481 630 523 non
645 459 781 542 obsequi
790 459 842 522 vel
856 459 1050 522 amicissimo
1063 458 1206 543 homini,

181 547 331 633 Lentule,
354 547 406 612 vel
428 546 570 630 Metello,
595 547 651 630 qui
675 546 874 611 simultatem
891 547 1124 611 humanissime
1149 546 1204 610 de-

181 640 328 721 poneret3
356 635 412 700 sed
433 656 554 719 vereor,
575 656 616 698 ne
638 634 699 699 hos
722 639 833 699 tamen
854 639 964 699 tenere
987 635 1205 719 potuerimus,
1237 659 1258 699 5

181 721 331 789 tribunos
359 722 401 806 pl.
426 723 633 786 amiserimus.
678 722 768 787 Haec
794 744 845 786 res
875 745 970 806 quem
999 722 1039 786 ad
1066 723 1205 787 modum

182 812 344 897 ceciderit,
373 814 405 875 et
429 814 499 874 tcta
522 832 573 874 res
598 831 661 892 quo
685 810 756 874 Ioco
785 811 841 894 sit,
864 811 962 875 velim
986 811 1099 874 adme
1124 811 1204 874 scri-

181 901 240 964 bas
264 903 296 964 et
317 899 378 982 ita,
408 901 445 961 ut
474 898 656 962 instituisti.
700 896 787 963 Nam
816 899 880 962 ista
907 899 1040 981 veritas,
1071 899 1204 962 etiamsi

180 987 318 1051 iucunda
339 1007 407 1051 non
429 989 492 1072 est,
519 985 600 1049 mihi
623 990 732 1050 tamen
755 989 848 1071 grata
875 990 933 1051 est.
979 987 1053 1051 Dat.
1076 1005 1130 1050 1111
1154 986 1201 1050 Id.

181 1074 348 1140 Decembr.
1217 1101 1250 1138 10

637 1249 738 1314 XXV.

181 1369 238 1426 Ser.
254 1371 397 1442 Dyrrachi
414 1389 449 1426 m.
465 1371 531 1426 Dec.
546 1390 572 1426 a.
585 1375 642 1425 696
658 1373 720 1439 (58)
740 1377 804 1439 post
821 1371 871 1426 IV
880 1371 935 1436 Iu,
954 1376 1018 1425 aare
1030 1371 1070 1424 II
1079 1371 1118 1424 K.
1132 1371 1201 1424 Ian.

502 1492 631 1549 CICERO
651 1493 782 1548 ATTICO
802 1493 878 1550 SAL.
1012 1559 1015 1567 Ι

247 1601 326 1666 Post
345 1605 439 1667 tuum
458 1624 476 1665 a
494 1625 545 1667 me
564 1603 740 1666 discessum
758 1601 886 1666 litterae
903 1601 986 1665 mihi
999 1599 1104 1664 Roma
1123 1600 1200 1664 alla-

181 1694 234 1754 tae
257 1695 342 1775 sunt,
365 1713 405 1754 ex
428 1691 546 1774 quibus
569 1691 727 1773 perspicio
749 1690 846 1754 nobis
874 1690 909 1753 in
930 1689 991 1753 hac
1013 1689 1198 1753 calamitate
1214 1715 1243 1755 15

181 1778 409 1843 tabescendum
432 1801 509 1843 esse.
546 1777 660 1861 Neque
680 1779 766 1841 enim
785 1775 855 1864 (sed
877 1777 997 1841 bonam
1019 1777 1054 1840 in
1072 1781 1199 1860 partem

182 1863 342 1953 accipies),
365 1867 394 1930 si
415 1867 483 1929 ulla
506 1888 578 1950 spes
602 1865 716 1930 salutis
739 1869 870 1929 nostrae
895 1866 1054 1951 subesset,
1077 1869 1114 1928 tu
1137 1887 1197 1948 pro

180 1958 239 2018 tuo
263 1976 370 2018 amore
399 1954 436 2017 in
462 1975 513 2017 me
540 1953 603 2018 hoc
629 1957 773 2038 tempore
801 1954 1006 2018 discessisses.
1054 1952 1130 2039 Sed,
1155 1974 1198 2017 ne

181 2043 303 2127 ingrati
329 2045 385 2105 aut
406 2063 448 2107 ne
467 2043 574 2106 omnia
592 2041 673 2106 velle
692 2041 861 2105 nobiscum
878 2064 942 2106 una
960 2040 1093 2105 interire
1112 2041 1198 2105 vide-

183 2153 287 2216 amur,
314 2129 376 2194 hoc
404 2130 533 2214 omitt03
565 2129 647 2192 illud
677 2130 733 2192 abs
761 2133 793 2193 te
817 2134 891 2212 peto
916 2130 970 2193 des
994 2151 1137 2212 operam,
1164 2130 1198 2192 id
1212 2157 1239 2196 10

183 2219 269 2302 quod
290 2218 372 2282 mihi
395 2217 585 2302 adfirmasti,
615 2221 651 2280 ut
679 2221 712 2281 te
736 2222 810 2282 ante
834 2218 995 2282 Kalendas
1021 2217 1198 2302 Ianuarias,

181 2307 374 2390 ubicumque
398 2306 526 2391 erimus,
549 2305 652 2369 sistas.

598 2600 601 2606 .
632 2533 747 2599 XXVI

371 2655 427 2709 Ser.
448 2653 641 2724 Dyrrachion.
661 2655 798 2710 Ianuare'e
817 2673 842 2710 0.
864 2660 920 2711 697
939 2658 1009 2724 (57).

504 2775 633 2831 CICERO
652 2776 783 2831 ATTICO
803 2777 877 2832 SAL.
1207 2790 1232 2830 25

248 2886 392 2950 Litterae
405 2885 486 2949 mihi
505 2909 523 2949 a
542 2884 661 2960 Quinto
681 2887 782 2950 fratre
801 2908 873 2950 eum
892 2892 1021 2951 senatus
1041 2887 1195 2974 consulte,

183 2975 268 3059 quod
291 2975 329 3038 de
351 2996 403 3038 me
426 2977 475 3038 est
498 2975 635 3060 factum,
658 2975 774 3038 allatae
798 2977 881 3038 sunt.
928 2974 1011 3039 Mihi
1033 2975 1068 3039 in
1090 2975 1193 3039 animo

183 3067 234 3127 est
260 3063 370 3147 legum
399 3062 554 3127 lationem
583 3067 780 3146 exspectare,
815 3065 862 3147 et,
896 3063 924 3126 si
954 3063 1193 3146 obtrectabitur,

183 3154 257 3215 utar
287 3151 479 3216 auctoritate
511 3156 641 3215 senatus
671 3155 704 3215 et
731 3150 841 3234 potius
868 3150 937 3215 vita
965 3172 1063 3235 quam
1092 3153 1193 3236 patria

125 3241 126 3244 ’
183 3238 305 3304 carebo.
351 3238 411 3327 Tu,
434 3261 560 3324 quaese,
583 3240 702 3304 festina
725 3238 765 3301 ad
786 3260 846 3303 nos
869 3239 987 3304 venire.
1205 3266 1229 3305 10
