2586 3886
236 165 496 220 EPISTULARUM
514 165 565 218 An
583 165 747 220 ATTICUM
765 165 791 219 V
812 170 924 220 11-13.
1034 165 1095 228 141

21 307 22 384 ι
67 310 143 374 inde
169 307 320 394 Gyarum
343 332 438 374 saevo
461 314 568 394 rento,
597 331 665 374 non
688 309 835 394 adverso3
867 308 944 373 hinc
968 307 1097 394 Syrum,

70 399 146 462 inde
175 397 314 484 Delum,
341 403 480 482 utroque
508 399 618 484 citius,
649 421 746 482 quam
769 399 939 482 vellemus,
967 419 1097 462 cursum

69 487 283 552 confecimus.
333 484 420 551 Nam
450 487 539 552 nosti
572 487 725 570 aphracta
751 485 968 570 Rhodiorum3
1004 486 1097 571 nihil,

73 575 165 658 quod
182 575 291 639 minus
310 575 446 640 fluctum
464 576 548 641 ferre
568 576 680 659 possit.
716 574 832 658 ltaque
851 577 920 638 erat
938 575 974 638 in
987 575 1095 639 animo

49 664 161 727 anihil
178 664 333 728 festinare
352 663 463 748 [Delo]
482 686 540 728 nec
558 685 765 749 memorare,
783 662 848 727 nisi
867 663 975 727 omnia
994 662 1097 748 ἀκρω-

74 755 176 838 τήρια
200 753 299 837 obora
321 752 480 817 vidissem.

143 838 196 905 Dc
214 840 365 904 Messalla
388 841 427 904 ad
445 845 525 925 te,s
510 841 621 905 statim
639 864 662 904 u
662 817 813 925 taudivi,
837 839 876 904 de
895 837 1003 924 Gyaro
1023 841 1131 904 dedi2

74 929 208 994 litteras
231 933 264 992 et
286 929 350 993 id
341 951 449 1014 ipsum
472 930 640 994 consilium
661 933 809 993 nostrum
834 929 932 993 etiam
956 928 996 992 ad
1014 927 1097 992 Hor-

75 1015 234 1100 tensium,
262 1018 314 1082 cui
337 1017 467 1102 quidem
488 1019 580 1083 valde
603 1021 776 1100 συνηγωνί
775 1041 829 1082 ων.
876 1015 939 1082 Sed
962 1021 1035 1081 tuas
1059 1017 1097 1081 de

41 1129 64 1167 ιι
77 1107 149 1170 eius
174 1105 286 1170 iudicii
309 1106 512 1171 sermonibus
535 1110 568 1170 et
591 1105 772 1171 mehercule
796 1105 885 1169 omni
908 1107 947 1169 de
969 1105 1017 1169 rei
1040 1128 1097 1188 pu·

77 1194 182 1258 blicae
215 1197 304 1259 statu
332 1195 460 1259 litteras
492 1198 643 1278 exspecto
674 1196 934 1280 πολιτικώτερον
968 1194 1098 1277 quidem

77 1283 228 1368 scriptas,
251 1283 404 1366 quoniam
427 1304 514 1346 meos
536 1305 609 1347 oum
627 1282 831 1346 Thallumeto
850 1286 964 1346 nostro
984 1305 1097 1366 pervo-

77 1372 166 1436 lutas
192 1371 309 1456 libros,
341 1372 410 1436 eius
438 1371 540 1457 modi,
570 1372 717 1456 inquam,
742 1370 883 1457 litteras,
910 1392 950 1434 ex
978 1371 1096 1454 quibus

78 1481 150 1560 ego,
172 1482 240 1524 non
270 1459 347 1543 quid
369 1460 427 1523 fiat
450 1456 544 1546 (nam
566 1460 600 1525 id
623 1460 675 1525 vel
696 1457 869 1543 Helonius,
899 1459 949 1522 vir
972 1461 1097 1543 gravis-

43 1550 196 1634 issimus,
223 1547 493 1632 potestefficere,
516 1548 615 1613 cliens
637 1543 750 1634 tuus),
773 1547 828 1610 sed
851 1546 928 1630 quid
950 1547 1097 1611 futurum

79 1637 134 1722 sit,
156 1601 264 1701 sciam.

147 1723 231 1790 Cum
252 1725 331 1789 haec
352 1725 451 1810 leges,
472 1725 664 1789 habebimus
688 1722 844 1788 consules.
890 1721 1006 1786 Omnia
1027 1746 1097 1806 per-

80 1814 203 1896 spicere
231 1813 353 1896 poteris
382 1815 419 1876 de
443 1811 594 1899 Caesare,
623 1812 661 1876 de
683 1811 852 1915 Pompeio,
881 1811 956 1875 de
946 1811 1028 1894 ipsis
1050 1811 1098 1874 iu-

80 1903 181 1965 diciis
218 1899 304 1964 Nost
290 1905 341 1965 tra
360 1904 416 1965 aut
417 1924 467 1965 em
485 1867 626 1987 negotia,
650 1901 803 1984 quoniam
821 1863 944 1964 R'omae
958 1920 1098 1963 commo·
1116 1911 1132 1958 3

46 2010 67 2048 ιι
79 1991 173 2077 raris,
193 1989 307 2054 amabo
325 1993 359 2053 te
359 1990 518 2075 ,explica
556 1954 626 2054 Oui
635 1989 683 2053 rei
700 1990 829 2073 fugerat
846 2010 899 2052 me
912 1987 1098 2074 rescribere,

80 2079 117 2142 de
141 2082 232 2143 strue
254 2078 301 2141 let
287 2081 402 2163 t,erum
424 2079 520 2162 plane
541 2099 633 2164 rogo,
655 2077 693 2142 de
717 2099 809 2163 aqua,
833 2077 860 2140 si
880 2076 958 2161 quid
975 2099 1017 2160 po
1020 2041 1098 2140 terit

79 2168 160 2254 fieri,
182 2189 220 2230 eo
240 2166 285 2230 sis
305 2166 423 2268 animo,
445 2188 509 2251 quo
529 2167 614 2230 soles
633 2188 731 2317 esse3t
740 2187 838 2249 quam
856 2187 916 2250 ego
936 2187 1009 2229 cum
1027 2187 1098 2230 mea

80 2221 198 2339 sporite
227 2258 298 2319 tum
327 2255 393 2319 tuis
422 2255 624 2318 sermonibus
652 2255 788 2319 aestimo
816 2254 956 2337 plurimi.
1007 2254 1096 2339 Ergo

80 2348 118 2407 tu
80 2344 179 2408 tid
205 2343 362 2408 conficies
403 2342 586 2428 Praeterea,
610 2343 639 2406 si
662 2343 739 2426 quid
762 2341 933 2425 Philippus
956 2342 1098 2427 rogabit

45 2448 67 2490 ιι
81 2431 200 2515 quod
190 2454 226 2495 in
248 2436 304 2495 tua
327 2454 362 2496 rc
382 2432 512 2518 faceres,
534 2432 568 2495 id
586 2431 683 2498 velim
700 2431 809 2495 facias.
846 2429 945 2495 Plura
959 2394 1098 2495 scribanl

81 2520 121 2584 ad
137 2524 182 2606 te,
200 2541 273 2584 curn
291 2520 411 2585 constit
412 2543 475 2586 ero.
503 2485 603 2584 ’Nunc
621 2541 709 2584 eram
726 2519 848 2602 plane
839 2541 875 2583 ιιι
888 2519 1097 2583 mediomari

578 2659 594 2724 l
611 2661 635 2726 l.

287 2764 344 2820 Sor.
359 2766 464 2835 Ephesi
485 2661 635 2820 VHXK.I
618 2764 690 2820 Sext.
706 2783 732 2819 a.
748 2767 803 2820 703
823 2766 892 2834 (51).

403 2859 531 2916 CICERO
550 2860 682 2916 ATTICO
703 2861 778 2916 SAL.

48 2979 70 3018 ιι
147 2953 315 3037 Ephesum
338 2953 484 3017 venimus
508 2975 534 3017 a.
550 2951 578 3016 d.
593 2969 631 3016 xl
649 2951 720 3016 Kal.
738 2950 877 3016 Sextiles
897 2952 1097 3036 sexagesimo
1118 2973 1132 3019 1

83 3045 114 3105 ct
142 3041 401 3126 quingentesimo
429 3044 504 3124 post
531 3062 674 3126 pugnam
701 3040 912 3105 Bovillanum.
958 3039 1098 3125 Naviga-

82 3130 186 3195 vimus
211 3130 279 3194 sine
302 3131 419 3194 timore
442 3132 475 3192 et
499 3129 567 3193 sine
590 3151 719 3214 nausea,
742 3130 798 3193 sed
820 3128 944 3192 tardius
964 3133 1098 3211 propter

82 3218 310 3301 aphractorum
332 3217 535 3283 Rhodiorum
557 3218 821 3283 imbecillitatem.
867 3216 917 3280 De
940 3239 1098 3280 concursu

82 3306 294 3392 legationum,
321 3308 523 3391 privatorum
550 3310 582 3371 et
610 3307 648 3370 de
676 3305 856 3371 incredibili
879 3304 1098 3389 multitudine,

50 3419 71 3459 ιι
83 3417 162 3478 quae
185 3395 268 3458 mihi
290 3395 356 3460 ianr
375 3394 472 3478 Sami,
496 3395 550 3460 sed
573 3394 753 3458 mirabilem
771 3394 806 3458 in
824 3392 956 3456 modum
973 3392 1097 3474 Ephesi

83 3487 211 3567 praesto
230 3484 303 3570 fuit,
326 3487 382 3558 aut
406 3485 532 3548 audisse
555 3487 587 3548 te
610 3487 690 3567 puto
715 3485 771 3546 aut
795 3479 891 3556 ‘Quid
914 3479 1027 3542 adme
1052 3483 1097 3542 at-
