2616 3884
165 138 231 204 236
510 136 547 191 Μ.
567 136 674 190 TULLI
693 134 880 190 CICERONIS

166 283 232 346 iam
260 280 385 365 pridem
413 280 578 363 appetitur
605 279 733 366 multis,
767 279 823 363 qui
850 301 915 343 una
943 280 1034 363 sunt,
1060 277 1191 362 cupien-

167 370 265 434 tibus.
311 367 365 433 An
397 389 506 432 censes
537 367 622 432 nihil
653 369 738 431 inter
767 389 821 432 eos
849 367 1034 452 convenire,
1064 367 1190 431 nullam

167 458 350 542 pactionem
382 457 453 521 fieri
485 456 652 540 potuisse?
689 455 794 520 Hodie
826 459 942 538 potest.
990 453 1053 520 Sed
1080 455 1190 519 neutri

170 547 291 622 σκοπὸς
320 549 370 609 111
397 545 467 630 ille,
495 549 532 608 ut
554 565 614 609 nos
637 543 726 609 beati
749 544 863 629 simus3
895 546 1031 627 uterque
1052 563 1189 628 regnare

167 634 247 698 vult.
1215 655 1228 695 1

132 738 149 786 3
231 721 319 786 Η111
337 743 356 784 1
373 725 407 784 11
425 721 582 784 inritatus
601 719 742 784 breviter
761 719 904 802 exposui.
937 717 1082 783 Voluisti
1102 718 1188 784 enim

168 831 232 894 me,
265 808 342 893 quid
370 808 408 872 de
436 808 488 872 his
515 808 609 871 malis
634 808 800 893 sentirem,
832 807 1006 872 ostendere.
1053 812 1188 892 Προθε-

169 901 270 976 catto
294 897 405 981 igitur,
426 900 538 962 noster
561 894 679 982 Attice,
706 918 774 960 non
795 895 959 960 hariolans
985 898 1023 960 ut
1046 895 1113 980 illa,
1135 895 1187 959 cui

168 1007 263 1050 nemo
287 984 429 1069 credidit,
453 984 509 1048 sed
531 983 714 1049 coniectura
735 983 950 1068 prospiciens:

237 1107 410 1190 ‘lamque
436 1107 531 1171 mari
557 1128 692 1191 magno
716 1107 771 1153 -'
1202 1132 1230 1170 ro

170 1270 238 1312 non
264 1248 382 1331 multo,
410 1246 558 1331 inquam,
587 1268 677 1311 secus
705 1269 838 1330 possum
859 1244 1037 1311 vaticinari.
1084 1245 1188 1310 Tanta

170 1337 330 1400 malorum
357 1335 520 1419 impendet
541 1333 649 1412 Ἰλιάς.
694 1334 804 1418 Atque
833 1334 896 1398 hoo
922 1338 1034 1399 nostra
1057 1333 1187 1418 gravior

171 1428 220 1488 est
249 1445 357 1508 causa,
385 1423 442 1508 qui
470 1423 556 1488 domi
584 1445 709 1507 sumus,
738 1445 835 1506 quam
860 1423 1007 1508 illorum,
1039 1423 1095 1505 qui
1123 1445 1188 1486 una

170 1512 384 1597 transierim,
419 1511 506 1595 quod
537 1511 586 1575 illi
620 1510 715 1596 [qui]
748 1511 886 1575 alterum
921 1514 1087 1597 metuunt,
1125 1531 1186 1575 nos

134 1605 352 1684 4utrumque.
403 1598 482 1664 ‘Cur
513 1599 574 1684 igit
576 1600 635 1684 ur’,
667 1599 790 1684 inquis,
822 1599 1079 1663 ‘remansimus‘l'
1125 1597 1188 1664 Vel
1201 1624 1229 1666 11

170 1689 233 1754 tibi
260 1689 427 1772 paruimus
449 1686 501 1752 vel
522 1709 589 1752 non
610 1650 852 1771 †occurriri1us,
878 1687 930 1750 rel
951 1687 1013 1751 hoc
1035 1687 1098 1752 fuit
1122 1708 1187 1752 rec

170 1779 245 1842 tius.
282 1775 507 1861 Conoulcari,
498 1797 638 1859 mquam,
656 1776 856 1840 miseramt
825 1773 856 1838 It
858 1775 954 1838 aliam
971 1775 1187 1860 1111111111-

170 1867 259 1929 xima
288 1869 376 1929 11111
358 1868 410 1928 111
438 1864 551 1946 †qaut
578 1863 785 1946 utriusque
775 1885 811 1926 m
836 1862 1005 1946 mancipiis
1036 1864 1186 1928 exomni

171 1974 289 2038 genere
316 1951 440 2016 collect
415 1955 473 2036 t1,s
502 1972 561 2016 nec
583 1955 651 2014 1111
673 1951 765 2034 †ipt
755 1972 787 2014 ιο
811 1955 883 2033 pert
869 1951 1077 2035 timescenda,
1105 1973 1187 2035 quae

171 2040 326 2105 Luceriae
357 2039 470 2103 multis
504 2039 706 2103 sermonibus
739 2038 860 2102 denunt
846 2039 927 2102 tiata
959 2059 1029 2103 esse
1060 2002 1187 2125 dicitur,
1202 2066 1229 2105 1ο

172 2151 269 2212 quam
291 2127 460 2191 universae
482 2127 529 2191 rei
540 2147 575 2208 p.
594 2126 755 2190 interitus.
788 2126 909 2191 Tantas
929 2127 964 2190 in
982 2126 1184 2212 confligendo

170 2216 340 2299 utriusque
381 2215 465 2280 vires
502 2215 594 2279 rideo
630 2214 765 2278 futuras.
824 2214 933 2279 Habes
970 2215 1186 2280 coniecturam

170 2325 284 2370 meam.
334 2303 385 2367 Tu
417 2306 525 2366 autem
556 2302 787 2367 consolationis
818 2303 956 2367 fortasse
983 2303 1105 2387 aliquid
1135 2325 1187 2368 ex·

172 2391 333 2475 spectasti.
378 2390 472 2455 Nihil
503 2390 646 2474 invenio,
679 2390 762 2454 nihil
793 2391 864 2455 fieri
891 2393 1000 2473 potest
1027 2391 1186 2476 miserius,

170 2480 255 2544 nihil
277 2479 444 2562 eprditius,
465 2478 549 2543 nihil
572 2478 705 2543 foedius.
1201 2505 1228 2546 11

135 2583 152 2632 5
240 2566 331 2643 Quod
354 2566 496 2717 quaeris,
523 2565 601 2650 quid
623 2564 741 2631 Caesar
764 2565 876 2630 adme
899 2566 1073 2667 scripserit,
1099 2566 1187 2650 quod

172 2677 282 2758 saepo,
310 2653 529 2739 gratissimum
560 2655 623 2719 sibi
646 2677 729 2741 esse,
756 2654 842 2737 quod
864 2654 1015 2739 quierim,
1042 2658 1187 2742 oratque,

171 2744 207 2807 in
229 2765 266 2808 eo
290 2747 328 2806 ut
350 2763 558 2844 perseverem.
594 2742 716 2806 Balbus
739 2743 845 2806 minor
867 2741 946 2806 haec
969 2706 1078 2806 eadem
1098 2764 1186 2807 man-

171 2831 226 2894 da
212 2835 254 2896 a
291 2830 437 2895 Itert
381 2833 437 2895 aut
439 2851 489 2894 em
508 2831 576 2894 eius
596 2835 664 2894 erat
683 2830 723 2894 ad
740 2828 914 2931 Lentulum
932 2830 1095 2895 consulem
1113 2851 1187 2895 cum

171 2918 291 2984 litteris
316 2917 461 2983 Caesaris
483 2918 764 3002 praemiorumque
786 2917 971 3003 promissis,
998 2918 1026 2983 si
1048 2918 1187 2984 Romam
1201 2946 1229 2986 so

171 3007 364 3072 revertisset.
405 3006 537 3090 Verum,
560 3027 632 3070 cum
653 3006 757 3071 habeo
780 3006 938 3070 rationem
957 3006 1089 3092 dierum,
1112 3012 1187 3072 ante

172 3099 252 3179 puto
276 3094 510 3180 tramissurum,
533 3115 630 3177 quam
651 3094 796 3177 potuerit
818 3094 989 3159 conveniri.

136 3202 152 3250 a
239 3183 463 3266 Epistularum
488 3182 622 3266 Pompei
650 3182 798 3267 duarum,
831 3204 910 3265 quas
943 3183 982 3246 ad
1008 3204 1059 3246 me
1087 3183 1188 3266 misit,

172 3271 411 3356 neglegentiam
429 3292 596 3353 meamque
614 3270 650 3334 in
664 3270 868 3335 rescribendo
883 3270 1084 3355 diligentiam
1098 3270 1188 3336 volui

172 3360 234 3424 tibi
256 3364 369 3425 notam
391 3380 468 3424 esse.
513 3358 636 3423 Earum
659 3358 804 3441 exempla
826 3357 866 3421 ad
888 3361 921 3422 11
943 3358 1025 3422 misi.
1201 3383 1229 3426 11

136 3465 152 3512 '1
240 3446 386 3513 Caesaris
417 3446 471 3511 hic
504 3468 560 3530 per
587 3444 740 3529 Apuliam
771 3445 812 3508 ad
838 3445 1048 3510 Brundisium
1075 3468 1188 3512 cursus
