2578 3886
245 154 504 209 EPISTULARUM
522 155 571 208 AD
591 155 755 210 ATTICUM
774 157 812 210 XI
832 163 873 225 11,
894 162 935 212 12.
1046 158 1110 222 337

89 304 219 364 tamen
251 298 395 363 audebo
429 303 560 383 petere
589 320 655 382 aps
683 303 734 385 te,
767 300 866 383 quod
887 306 1036 384 potero,
1066 323 1111 366 ne

90 385 183 471 quid
214 387 414 450 existimes
438 387 483 451 ab
507 386 577 451 illo
601 387 744 451 factum
768 408 863 472 esse,
888 410 961 471 quo
985 389 1109 452 minus

90 495 172 539 mea
199 475 238 538 in
266 478 303 539 te
332 475 468 539 officia
497 478 738 560 constarent,
764 475 939 541 minusve
962 479 1000 539 te
1024 476 1112 540 dili·

93 584 234 648 gerem,
265 563 474 646 potiusque
506 584 657 646 semper
686 563 796 626 illum
825 567 1020 628 auctorem
1047 585 1112 628 no·

61 675 78 718 s
98 656 202 715 strae
231 649 522 715 coniunctionis
549 651 674 715 fuisse
697 651 845 734 meique
869 651 1029 716 itineris
1053 673 1111 716 oo-

92 740 239 821 mitem,
274 760 350 802 non
386 738 523 803 ducem.
577 737 699 814 Quare
735 740 876 804 ceteris
913 739 952 802 in
988 740 1111 804 rebus

92 831 249 891 tantum
288 826 322 890 ei
358 826 524 911 tribues,
564 831 752 909 quantum
787 827 1010 892 humanitas
1048 831 1112 891 tua

44 923 47 930 '
94 914 345 998 amicitiaque
376 917 508 978 vestra
540 915 728 997 postulat.
775 914 855 1001 Ego
887 917 921 980 ei
948 937 994 979 ne
1022 914 1113 999 quid

94 1003 194 1086 apud
221 1006 258 1066 te
286 1002 421 1087 obsim,
453 1001 490 1065 id
518 1005 554 1066 te
582 1002 830 1068 vehementer
858 1005 974 1067 etiam
998 1007 1113 1087 atque

47 1119 80 1158 ιο
94 1091 209 1155 etiam
236 1091 350 1174 rogo?

163 1177 278 1264 Quare,
301 1177 329 1242 si
352 1178 425 1261 quis
448 1199 639 1262 congressus
658 1177 758 1243 fuerit
775 1178 858 1242 mihi
876 1201 950 1243 eum
969 1177 1115 1266 Caesare,
1133 1197 1148 1243 3

94 1267 157 1332 etsi
180 1287 247 1332 non
268 1265 392 1350 dubito,
415 1266 494 1349 quin
516 1267 544 1330 is
568 1266 650 1330 lenis
673 1266 709 1330 in
731 1266 824 1330 illum
849 1267 978 1332 futurus
1003 1269 1046 1332 sit
1069 1268 1114 1331 id·
1280 1263 1281 1266 '

40 1361 45 1369 '
95 1375 160 1438 qne
187 1355 253 1418 iam
279 1353 501 1439 declaraverit,
532 1375 591 1439 ego
618 1357 728 1418 tamen
755 1354 783 1418 is
809 1375 876 1438 ero,
909 1357 965 1438 qui
989 1377 1114 1439 semper

93 1443 154 1507 fui.
192 1440 264 1528 Sed,
284 1445 322 1506 ut
345 1441 447 1526 video,
469 1441 573 1508 multo
596 1442 700 1528 magis
720 1446 769 1506 est
787 1442 882 1506 nobis
901 1442 1115 1507 laborandum

50 1557 80 1600 ιι
95 1531 137 1594 de
163 1529 287 1614 Africa,
320 1551 417 1613 quam
440 1530 569 1614 quidem
592 1535 629 1594 tu
652 1530 767 1594 scribis
791 1531 973 1594 confirmari
996 1530 1113 1596 cotidie

94 1618 204 1703 magis
228 1617 267 1681 ad
290 1617 487 1683 condicionis
511 1640 602 1702 spem
625 1640 722 1702 quam
740 1618 903 1682 victoriae.
941 1617 1033 1695 Quod
1052 1619 1114 1682 uti·

94 1728 175 1771 nam
201 1705 249 1770 ita
275 1708 374 1771 esset!
411 1703 475 1770 sed
501 1707 599 1792 longe
627 1707 720 1771 aliter
748 1727 818 1769 esse
841 1706 994 1791 intellego
1018 1709 1114 1789 teque

94 1796 208 1879 ipsum
238 1794 286 1858 ita
317 1793 501 1858 existimare
531 1795 685 1878 arbitror,
718 1793 812 1858 aliter
839 1798 948 1858 autem
977 1794 1115 1857 scribere

94 1904 166 1946 non
194 1881 339 1968 fallendi,
371 1882 427 1946 sed
453 1882 663 1947 confirmandi
689 1882 753 1946 mei
784 1903 893 1967 causa,
924 1882 1115 1965 praesertim

54 1999 81 2038 ao
97 1992 174 2035 cum
198 1970 392 2055 adiungatur
416 1970 455 2034 ad
477 1969 621 2035 Africam
645 1971 741 2034 etiam
764 1968 930 2053 Hispania.

168 2057 260 2134 Quod
282 2079 334 2122 me
357 2058 517 2142 admones,
540 2063 577 2123 ut
601 2059 740 2122 scribam
763 2058 803 2121 ad
825 2058 1006 2123 Antonium
1025 2061 1057 2120 et
1076 2057 1115 2121 ad
1134 2074 1151 2122 4

97 2151 240 2229 ceteros,
268 2146 296 2210 si
319 2146 397 2230 quid
419 2147 582 2211 videbitur
604 2147 666 2211 tibi
690 2168 770 2231 opus
795 2168 872 2231 esse,
899 2146 996 2211 velim
1018 2145 1116 2209 facias

96 2235 143 2320 id,
166 2234 253 2318 quod
274 2256 368 2318 saepe
391 2235 506 2299 fecisti.
542 2233 636 2299 Nihil
658 2235 745 2298 enim
767 2234 848 2298 mihi
871 2235 1014 2298 venitin
1030 2256 1117 2298 men-

98 2327 183 2407 tem,
211 2322 297 2406 quod
325 2323 528 2387 scribendum
554 2327 676 2407 putem.
722 2321 814 2399 Quod
840 2345 892 2386 me
920 2322 1011 2387 audis
1035 2343 1117 2386 erec-

56 2412 220 2479 artiorem
243 2431 312 2475 esse
335 2410 458 2495 animo,
488 2411 565 2494 quid
587 2415 699 2495 putas,
721 2433 794 2475 oum
816 2410 925 2474 videas
949 2411 1118 2474 accessisse

100 2499 143 2564 ad
172 2499 354 2582 superiores
380 2499 596 2583 aegritudines
619 2499 797 2582 praeclaras
821 2499 931 2583 generi
954 2498 1118 2563 actiones?

100 2587 153 2651 Tu
174 2591 284 2650 tamen
306 2586 404 2650 velim
427 2607 469 2649 ne
491 2586 698 2671 intermittas,
722 2586 808 2670 quod
831 2587 899 2650 eius
922 2587 1026 2651 facere
1048 2589 1119 2671 pot·

101 2675 182 2762 eris,
214 2675 352 2739 scribere
384 2674 424 2738 ad
455 2697 521 2761 me,
553 2675 683 2739 etiamsi
715 2697 797 2759 rem,
832 2674 870 2738 de
899 2696 962 2758 qua
989 2675 1120 2759 scribae,

99 2784 169 2828 non
190 2763 333 2828 habebis.
371 2760 503 2845 Semper
526 2763 612 2827 enim
635 2763 783 2827 adferunt
802 2761 927 2846 aliquid
945 2763 1026 2826 mihi
1045 2767 1120 2827 tuae

60 2878 89 2919 so
102 2851 242 2916 litterae.

172 2937 323 3004 Galeonis
352 2938 563 3003 hereditatem
587 2939 678 3002 crevi.
724 2937 808 3002 Puto
833 2939 919 3002 enim
944 2940 1121 3003 cretionem

104 3027 284 3111 simplicem
305 3027 415 3113 fuisse,
437 3027 590 3110 quoniam
607 3027 648 3091 ad
665 3048 716 3090 me
733 3026 824 3090 nulla
842 3027 942 3091 missa
962 3031 1017 3090 est.
1057 3044 1120 3090 vm

103 3114 182 3180 Idus
205 3115 349 3180 Martias.
