2586 3886
183 122 228 186 94
507 119 545 175 u.
564 119 672 175 uuum
690 118 879 174 cressonis

180 284 250 330 non
271 263 468 347 impedisset,
492 285 556 346 quo
578 263 696 349 minus,
718 267 756 328 ut
778 262 954 348 consuesti,
976 262 1017 325 ad
1039 283 1103 346 me,
1130 262 1216 344 quid

183 356 342 438 ageretur,
365 351 495 435 etquid
517 351 730 437 intellegeres,
753 350 976 435 perscriberes.
1021 349 1075 414 Me
1099 349 1215 414 adhuc

181 439 332 505 Plancius
355 439 552 504 liberalitate
574 462 634 504 sua
655 439 774 504 retinet
800 439 867 503 iam
889 437 1085 522 aliquotiens
1112 459 1215 502 cona-

182 532 254 593 tum
276 527 325 592 ire
342 527 378 592 in
390 527 535 612 Epirum.
565 525 645 611 Spes
663 526 788 592 homini
807 531 858 594 cst
875 526 993 591 iniecta
1009 547 1077 590 non
1091 525 1215 590 eadem

183 638 266 700 quae
280 615 361 680 mihi
374 637 470 700 posse
482 637 543 680 nos
557 637 621 680 una
635 616 796 700 decedere3
810 637 908 700 quam
921 636 990 679 rem
1004 612 1069 679 sibi
1082 635 1214 700 magno
1242 640 1256 680 5

182 703 299 770 honori
323 707 431 788 sperat
453 704 530 768 fore.
577 701 640 768 Sed
669 703 748 790 iam,
777 726 850 768 cum
879 703 1050 768 adventare
1079 701 1215 766 milites

183 793 339 878 dicentur,
361 792 542 856 faciendum
563 792 660 856 nobis
689 793 764 878 erit,
792 796 830 857 ut
860 792 900 857 ab
931 812 967 856 eo
991 791 1214 856 discedamus.

184 879 278 956 Quod
301 901 374 944 cum
395 879 563 965 faciemus,
587 881 628 944 ad
650 885 683 945 te
706 879 819 944 statim
840 879 1021 965 mittemus,
1046 882 1085 944 ut
1111 879 1216 962 scias,

147 986 163 1034 a
183 968 242 1033 ubi
260 967 370 1033 simus.
406 966 564 1034 Lentulus
588 989 646 1033 suo
669 969 705 1033 in
725 989 786 1033 nos
810 968 926 1052 officie,
949 967 1037 1054 quod
1059 969 1092 1031 et
1118 989 1160 1031 re
1181 971 1215 1030 et

184 1055 355 1140 promissis
379 1059 412 1120 et
434 1056 554 1121 litteris
577 1055 731 1141 declarat,
758 1078 848 1140 spem
870 1055 966 1121 nobis
988 1076 1055 1120 non
1076 1055 1216 1119 nullam
1230 1081 1258 1120 ro

184 1144 288 1208 adfert
310 1142 446 1228 Pompei
467 1144 659 1229 voluntatis3
688 1165 782 1228 saepe
809 1143 895 1209 enim
921 1147 960 1208 tu
982 1143 1024 1208 ad
1049 1165 1102 1207 me
1131 1145 1215 1208 scri-

184 1230 280 1316 psisti
303 1253 377 1296 eum
399 1236 506 1297 totum
528 1253 599 1298 esse
620 1232 655 1296 in
677 1233 766 1298 illius
788 1236 958 1317 potestate.
995 1231 1045 1296 De
1067 1231 1214 1297 Metello

185 1319 315 1406 scripsit
334 1321 375 1385 ad
392 1342 444 1385 me
461 1321 562 1385 frater
581 1324 738 1406 quantum
761 1325 903 1406 speraret
925 1319 1107 1405 profectum
1137 1341 1215 1385 esse

148 1427 243 1492 sper
264 1413 305 1474 te.
350 1407 399 1474 Mi
420 1407 594 1494 Pomponi,
622 1429 742 1496 pugna,
769 1413 808 1474 ut
835 1413 942 1474 tecum
969 1411 1096 1473 etcum
1123 1409 1214 1473 meis

184 1496 267 1561 mihi
294 1497 391 1562 liccat
413 1497 534 1582 vivere,
564 1501 596 1562 ct
626 1498 731 1562 scribe
760 1498 801 1561 ad
825 1519 878 1562 me
907 1496 1023 1562 omnia
1067 1494 1214 1561 Premor
1228 1521 1256 1562 15

184 1585 285 1671 luctu,
308 1585 465 1650 desiderio
489 1607 562 1650 cum
585 1585 729 1650 omnium
752 1607 858 1651 rerum
880 1591 946 1650 tum
968 1606 1123 1664 meorum,
1151 1585 1213 1668 qui

185 1673 268 1738 mihi
289 1695 341 1738 me
364 1673 503 1738 cariores
527 1695 652 1758 semper
669 1674 808 1738 fuerunt.
854 1671 950 1759 Oura,
971 1677 1009 1736 ut
1030 1673 1153 1737 valeas.

149 1780 167 1828 4
252 1761 325 1847 Ego
350 1762 444 1846 quod,
466 1783 524 1846 per
542 1761 742 1827 Thessaliam
766 1761 795 1826 si
812 1762 893 1827 irem
911 1761 947 1825 in
963 1760 1110 1846 Epirum,
1136 1783 1212 1846 per-

186 1849 242 1914 diu
264 1849 348 1913 nihil
371 1871 458 1913 eram
477 1850 656 1935 auditurus,
678 1853 710 1914 et
729 1849 816 1934 quod
832 1849 897 1914 mei
915 1849 1078 1915 studiosos
1096 1847 1211 1914 habeo

185 1937 414 2023 Dyrrachinos,
438 1937 478 2001 ad
497 1959 550 2002 eos
564 1937 701 2023 perrexi,
719 1959 793 2002 cum
811 1938 869 2002 illa
888 1937 1054 2021 superiora
1067 1936 1211 2002 Thessa·
1226 1963 1253 2003 20

184 2025 309 2090 lonicae
333 2025 540 2108 scripsissem.
585 2024 665 2090 Inde
693 2047 766 2091 cum
797 2025 837 2089 ad
866 2029 900 2090 te
928 2046 980 2090 me
1007 2030 1211 2110 convertam,

186 2112 311 2197 faciam,
333 2116 371 2176 ut
394 2113 486 2198 scias,
509 2117 611 2198 tuque
634 2114 674 2178 ad
696 2135 748 2178 me
765 2113 863 2178 velim
886 2112 994 2179 omnia
1013 2134 1111 2197 quam
1135 2115 1212 2178 dili-

185 2201 384 2285 gentissime,
403 2201 596 2267 cuicuimodi
610 2205 696 2285 sunt,
716 2201 847 2267 scribas.
883 2201 957 2286 Ego
975 2201 1040 2265 iarn
1060 2205 1117 2266 aut
1136 2225 1211 2267 rem

186 2292 242 2353 aut
265 2310 306 2352 ne
329 2310 419 2372 spem
443 2290 572 2374 quidem
596 2293 754 2374 exspecto.
791 2289 877 2354 Data
890 2308 927 2354 v1
940 2287 1011 2353 Kal.
1034 2288 1210 2355 Decembr.

185 2375 354 2460 Dyrrachi.
1225 2402 1251 2444 aa

632 2551 751 2618 XXIII.

377 2673 435 2730 Ser.
455 2673 598 2744 Dyrrachi
612 2691 657 2744 pr.
677 2674 715 2730 K.
735 2673 801 2728 Dec.
822 2691 847 2729 c.
869 2679 925 2730 696
943 2677 1014 2744 (58).

508 2796 636 2852 CICERO
655 2795 787 2852 ATTICO
807 2797 882 2852 SAL.

150 2923 165 2971 1
252 2905 291 2971 A.
316 2907 345 2971 d.
368 2928 389 2971 v
411 2906 483 2970 Kal.
511 2905 677 2970 Decembr.
701 2909 769 2971 tres
797 2907 952 2990 epistulas
981 2929 1000 2972 a
1026 2909 1061 2971 te
1088 2910 1209 2993 accepi,

185 3016 285 3058 unam
315 2995 424 3058 datam
455 3016 481 3059 a.
506 2993 534 3058 d.
558 3012 622 3058 vm
650 2993 722 3060 Kal.
750 2992 965 3079 Novembres,
994 2995 1030 3060 in
1060 3017 1126 3079 qua
1155 3018 1210 3061 me
1223 3022 1251 3062 ao

185 3081 338 3167 hortaris,
361 3087 400 3147 ut
421 3082 501 3147 forti
520 3082 627 3146 animo
647 3103 792 3148 mensem
808 3081 996 3148 Ianuarium
1014 3087 1209 3168 exspectem,

187 3171 576 3342 {stastatuta
589 3171 1210 3344 bitti,tfflit‘issadssabiniihpbldii

186 3347 246 3411 bis.
296 3345 337 3411 In
367 3347 468 3412 altera
497 3347 636 3431 epistula
665 3350 792 3431 praeter
821 3347 1086 3412 consuetudinem
1115 3351 1207 3413 tuam

187 3435 273 3500 diem
296 3457 363 3500 non
386 3434 555 3520 adscribis,
586 3436 642 3501 sed
672 3434 752 3500 satis
777 3435 939 3520 significas
962 3439 1104 3521 tempus3
1134 3436 1209 3522 lege
1223 3462 1249 3505 ss
