2586 3886
153 179 218 243 132
473 177 510 232 Μ.
527 176 634 231 TULLI
653 175 844 231 CICERONIS

153 323 181 386 si
210 322 289 406 quid
316 322 392 406 erit,
420 321 507 404 quod
530 322 672 385 odorere.
717 318 871 384 Nondum
894 320 980 384 enim
1004 321 1084 385 satis
1107 320 1179 386 huo

152 414 222 474 erat
249 411 397 495 allatum,
426 431 490 492 quo
518 408 614 473 modo
639 407 757 473 Caesar
783 408 883 472 ferret
910 409 950 472 de
978 409 1177 474 auctoritate

152 498 345 584 perscripta,
372 502 506 581 eratque
527 519 639 561 rumor
662 496 700 561 de
723 495 961 579 Transpadanis
984 519 1039 561 eos
1063 498 1176 562 iussos

152 604 206 650 1111
224 587 311 651 viros
331 607 445 649 creare.
483 583 576 660 Quod
595 585 623 650 si
641 584 689 648 ita
707 589 766 670 est,
778 605 915 670 magnos
932 588 1042 650 motus
1061 586 1174 652 timeo.

153 673 216 739 Sed
239 673 363 758 aliquid
386 695 425 738 ex
447 672 602 756 Pompeio
627 673 735 737 sciam.
1105 703 1111 715 ·
1183 669 1223 742 ¹s

630 847 688 913 III.

313 960 370 1018 δον.
389 962 422 1015 ia
441 961 596 1016 Trebulano
619 959 647 1015 V
661 961 705 1015 Id.
726 960 799 1016 Mai.
818 978 844 1015 a.
865 964 920 1017 703
940 965 1009 1031 (51).

475 1064 604 1121 CICERO
623 1065 755 1121 ATTICO
776 1066 850 1121 SAL.

119 1187 134 1234 1
220 1164 258 1230 A.
278 1166 307 1230 d.
326 1184 363 1230 vl
385 1164 462 1230 Idus
486 1165 589 1230 Maias
617 1166 690 1231 reni
718 1166 753 1230 in
775 1165 994 1231 Trebulanum
1022 1166 1062 1230 ad
1088 1165 1174 1232 Pon-

153 1255 244 1318 tium.
282 1252 334 1317 Ibi
357 1252 438 1318 mihi
461 1258 537 1318 tuac
554 1254 683 1320 litterae
700 1253 797 1318 binae
815 1255 957 1319 redditae
976 1258 1052 1320 sunt
1071 1257 1172 1320 tertio
1189 1289 1219 1327 10

155 1343 212 1406 abs
236 1346 269 1406 te
292 1341 350 1406 die.
392 1342 517 1407 Eodem
539 1347 648 1406 autem
671 1344 779 1407 exiens
803 1364 819 1406 e
842 1341 1038 1428 Pompeiano
1061 1342 1171 1408 Philo·

154 1431 235 1495 timo
260 1429 407 1495 dederam
430 1431 471 1494 ad
493 1435 526 1495 te
549 1431 689 1516 litteras3
712 1453 771 1495 nec
793 1452 868 1495 vero
891 1452 978 1496 nunc
996 1435 1065 1496 erat
1084 1453 1172 1516 sane,

156 1518 242 1603 quod
270 1518 451 1583 scriberem.
497 1517 560 1594 oui
586 1520 625 1583 de
654 1541 689 1583 re
717 1519 846 1602 publica
868 1541 1029 1607 rumores,
1057 1520 1173 1606 scribe,

156 1629 289 1691 quaes03
311 1607 346 1670 in
369 1607 497 1691 oppidis
520 1608 607 1672 enim
630 1630 792 1672 summum
813 1607 905 1672 video
929 1608 1090 1694 timorem,
1114 1609 1173 1672 sed

155 1696 259 1759 multa
288 1695 406 1761 inania.
457 1693 540 1771 Quid
569 1696 607 1760 de
633 1695 685 1760 his
715 1697 836 1781 cogites
861 1700 894 1760 et
919 1697 1060 1782 quando,
1089 1697 1216 1770 scire15

120 1784 260 1850 avelim.
310 1781 363 1847 Ad
396 1806 475 1868 quas
507 1784 633 1849 litteras
666 1784 728 1848 tibi
759 1783 892 1848 rescribi
925 1784 1020 1869 velis,
1052 1785 1170 1850 nescio.

155 1870 272 1936 Nullas
292 1872 377 1936 enim
396 1872 499 1936 adhuc
518 1894 709 1958 acceperam,
728 1876 855 1955 praeter
876 1872 1056 1955 quaemihi
1075 1873 1172 1937 binae

156 1961 254 2024 simul
275 1960 310 2024 in
325 1959 507 2025 Trebulano
526 1961 667 2024 redditae
686 1963 776 2045 sunt3
800 1982 936 2044 quarum
955 1961 1074 2025 alterae
1089 1961 1171 2026 edic·
1284 1969 1285 1976 ’

155 2051 227 2111 turn
244 2046 278 2111 P.
293 2046 423 2111 Lentuli
440 2048 604 2112 habebant
623 2045 729 2134 (erant
748 2051 857 2113 autem
875 2045 981 2112 Nonis
1000 2048 1097 2113 Maiis
1116 2049 1170 2113 da-

155 2134 237 2221 tae),
264 2134 384 2199 alterae
405 2137 579 2219 rescriptae
602 2136 642 2200 ad
664 2158 751 2200 meas
774 2135 1029 2201 Menturnenses.
1067 2135 1171 2212 Quam
1185 2173 1215 2212 20

155 2244 277 2309 vereor,
297 2243 339 2286 ne
363 2224 441 2306 quid
462 2225 561 2288 fuerit
584 2226 847 2308 σπουδαιότερον
869 2225 905 2288 in
927 2225 978 2310 iis,
1001 2247 1081 2308 quas
1104 2248 1171 2291 non

156 2311 270 2394 accepi,
294 2310 412 2393 quibus
436 2313 569 2376 rescribi
592 2313 655 2377 vis!
687 2313 786 2394 Apud
803 2311 978 2377 Lentulum
1000 2335 1120 2396 ponam
1136 2318 1172 2378 te

155 2399 191 2462 in
253 2399 326 2461 etia.

120 2506 135 2552 3
213 2420 400 2570 gllionysins
426 2488 522 2553 nobis
551 2489 641 2553 cordi
668 2492 723 2553 est.
770 2486 913 2554 Nicanor
936 2493 1012 2554 tuus
1037 2512 1170 2574 operam

155 2574 236 2638 mihi
255 2574 310 2638 dat
329 2576 500 2659 egregiam.
537 2576 607 2641 Iam
626 2577 724 2662 deest,
748 2577 835 2660 quod
854 2578 1000 2663 scribam,
1023 2583 1057 2642 et
1073 2579 1168 2644 lucet.
1184 2614 1212 2654 25

154 2661 330 2726 Beneventi
349 2664 532 2747 cogitabam
550 2665 653 2729 hodie.
690 2664 814 2730 Nostra
832 2666 1030 2730 continentia
1049 2671 1081 2731 et
1100 2667 1171 2730 dili-

155 2751 265 2834 gentia
288 2751 521 2816 existimationi
543 2753 696 2818 faciemus
721 2753 809 2818 satis.
850 2753 881 2817 A
895 2751 1012 2819 Pontio
1038 2777 1076 2818 ex
1094 2754 1170 2820 Tre·

154 2838 274 2902 balano
299 2839 416 2903 adv
438 2838 514 2903 Idus
538 2840 649 2906 Maias.

633 2999 689 3065 IV.

340 3109 396 3165 Scr.
416 3110 566 3165 Beneventi
584 3113 634 3166 IV
647 3112 692 3166 Ia.
708 3112 781 3166 Mai.
797 3129 823 3166 a.
839 3114 894 3167 703
913 3115 982 3180 (51).
1182 3135 1208 3173 so

475 3214 603 3270 CICERO
623 3216 755 3272 ATTICO
775 3216 849 3271 SAL.

119 3333 134 3380 1
221 3314 441 3380 Beneventum
467 3315 541 3379 veni
568 3339 594 3380 a.
618 3316 647 3379 d.
671 3333 695 3378 v
722 3314 798 3380 Idus
825 3317 937 3382 Maias.
983 3317 1034 3382 Ibi
1062 3320 1168 3402 accepi

155 3425 208 3468 eas
230 3404 368 3492 litteras,
392 3425 471 3488 quas
494 3408 532 3468 tu
552 3403 773 3486 superioribus
791 3405 911 3470 litteris
930 3405 1168 3490 significaveras

154 3497 187 3556 te
210 3492 344 3580 dedisse,
368 3493 407 3558 ad
430 3515 509 3577 quas
528 3513 588 3577 ego
608 3513 645 3556 eo
664 3491 736 3575 ipsc
756 3491 806 3556 die
826 3493 973 3558 dederam
991 3516 1030 3558 ax
1049 3494 1168 3560 Trebu-
