2578 3886
259 167 519 223 EPISTULARUM
538 170 587 222 AD
607 170 772 224 ATTICUM
790 170 842 224 XII
861 175 975 225 25—27.
1069 171 1135 235 373

107 310 229 375 victus.
277 309 341 375 Cur
369 333 446 396 ergo
473 312 523 377 illi
545 313 702 377 molestus
726 335 794 377 esse
817 313 928 398 velim,
958 334 1032 376 cum
1054 313 1135 377 1111111

110 397 170 462 1116
200 399 358 463 iucundus
387 421 457 464 esse
483 423 550 465 non
577 401 703 485 possit?
740 400 902 465 Voluntas
929 405 1039 464 tamen
1065 401 1134 465 eius

110 485 197 550 mihi
226 491 320 571 grata
343 491 401 552 est.
446 487 554 553 Unam
576 511 645 553 rem
669 489 784 553 adme
808 489 980 576 scripsisti3
1009 489 1048 552 de
1072 511 1135 572 qua

113 574 242 638 decrevi
262 575 347 639 nihil
369 577 432 640 tibi
454 577 638 642 rescribere.
676 577 777 661 Spero
803 578 889 641 enim
911 599 962 640 me
986 599 1004 640 a
1025 581 1058 640 te
1076 577 1135 639 im-

81 667 270 750 spctrasse‚
300 667 337 727 ut
360 665 503 747 privares
527 688 578 729 me
601 666 667 730 ista
689 665 848 730 molestia.
894 665 995 728 Piliae
1018 668 1050 727 et
1073 662 1135 728 At-

111 751 199 816 ticae
221 751 368 816 salutem.

558 927 693 994 XXVH.

334 1048 391 1103 Ser.
407 1049 528 1104 Asturae
546 1051 579 1103 X
595 1051 633 1104 K.
648 1050 718 1119 Apr.
734 1048 760 1104 a.
777 1054 831 1105 709
851 1053 920 1118 (45).

421 1172 567 1228 OIOERO
585 1174 732 1228 ATTICO
750 1174 833 1229 SAL.

68 1307 97 1346 10
181 1279 232 1345 De
256 1278 379 1344 Siliano
402 1281 545 1365 negotio,
571 1281 633 1346 etsi
655 1280 737 1345 mihi
759 1303 827 1345 non
850 1285 900 1346 est
923 1283 1036 1365 ignota
1060 1304 1136 1348 con⁴
1155 1301 1169 1348 1

113 1368 209 1451 dicio,
231 1372 341 1432 tamen
362 1368 459 1432 hodie
482 1391 534 1432 me
557 1390 595 1433 61
620 1368 711 1434 Sicca
734 1370 876 1433 arbitror
900 1371 1008 1434 omnia
1026 1371 1135 1456 cogni-

112 1461 233 1520 turum.
281 1454 397 1521 Cottae
424 1457 512 1540 quod
539 1479 638 1542 negas
666 1462 700 1522 te
726 1477 837 1542 nosse,
865 1457 952 1521 ultra
980 1457 1136 1523 Silianam

112 1544 226 1608 villam
249 1548 308 1630 est,
330 1566 428 1628 quam
450 1549 531 1628 puto
555 1546 618 1609 tibi
641 1550 753 1610 notam
772 1567 849 1629 esse,
872 1545 986 1609 villula
1005 1547 1135 1610 sordida

113 1635 147 1697 61
174 1632 268 1698 valde
295 1633 430 1719 pusilla,
460 1633 509 1696 nil
536 1635 621 1719 agri,
648 1634 689 1697 ad
714 1633 839 1697 nnllam
866 1655 934 1697 rem
961 1633 1025 1697 loci
1055 1635 1134 1698 satis

71 1721 179 1790 1611161
203 1721 243 1784 ad
261 1743 347 1806 66111,
370 1743 467 1805 quam
485 1743 614 1805 quaero,
652 1722 778 1806 Sequor
796 1721 1025 1786 celebritatem.
1064 1719 1136 1808 Sed,

113 1809 144 1873 si
175 1809 342 1893 perficitur
375 1809 413 1874 de
444 1810 549 1874 hortis
578 1810 652 1895 Sili,
683 1810 746 1874 hoc
778 1814 828 1874 est
858 1809 886 1873 si
913 1810 1041 1893 perficis
1070 1807 1135 1895 (est

113 1897 201 1962 enim
224 1901 332 1961 totum
355 1897 501 1981 positum
522 1898 558 1961 in
581 1896 638 1986 te),
660 1897 744 1961 nihil
767 1901 816 1962 est
840 1897 972 1984 scilicet,
991 1898 1078 1980 quod
1096 1899 1135 1962 de

115 1983 230 2050 Oottae
253 1986 441 2070 cogitemus.

181 2072 232 2138 De
255 2072 418 2159 Cicerone,
439 2078 477 2137 ut
500 2075 625 2159 acribia,
647 2074 695 2138 ita
712 2074 842 2158 faciam3
864 2073 929 2156 ipsi
947 2073 1134 2156 permittam
1154 2092 1169 2139 2

71 2189 100 2230 ao
114 2162 153 2225 de
175 2165 329 2246 tempore.
375 2160 593 2226 Nummorum
616 2166 774 2246 quantum
798 2183 879 2245 opus
903 2162 974 2246 erit,
1002 2166 1039 2225 ut
1062 2184 1135 2245 per-

114 2253 269 2334 mutetur,
291 2253 329 2313 tu
352 2249 485 2314 videbis.
522 2249 714 2337 1111116116,
738 2249 824 2334 quod
848 2249 979 2333 scribas,
1003 2249 1032 2313 si
1056 2250 1135 2332 quid

114 2339 290 2424 inveneris,
318 2338 446 2402 scribes,
493 2339 539 2402 Et
567 2359 627 2423 ego
652 2361 690 2402 61
714 2339 780 2402 tuis
805 2337 1024 2401 animadverto
1047 2337 1135 2402 litte-

114 2426 160 2490 ris
184 2430 216 2490 61
237 2427 382 2509 profecto
407 2430 443 2490 tu
463 2449 502 2490 ex
520 2427 601 2490 meis
619 2427 704 2490 nihil
720 2426 841 2490 habere
859 2446 930 2509 nos,
953 2425 1040 2508 quod
1059 2425 1134 2490 scri-
1161 2443 1167 2481 ῖ

114 2514 240 2600 bamus,
266 2514 375 2578 eadem
400 2515 526 2598 cotidie,
548 2536 630 2597 quae
655 2515 721 2579 iam
746 2515 875 2597 iamque
900 2513 972 2596 ipsa
993 2514 1134 2578 contrita

73 2630 101 2670 ac
115 2607 200 2666 sunt.
246 2602 369 2666 Tamen
395 2604 499 2668 facere
526 2624 594 2666 non
617 2624 764 2687 possum,
792 2602 873 2686 quin
896 2601 1013 2665 cotidie
1037 2602 1076 2665 ad
1100 2606 1133 2666 te

114 2690 258 2776 mittam,
285 2695 324 2754 ut
345 2695 419 2755 tuas
443 2691 605 2774 accipiam.
652 2689 701 2754 De
724 2690 829 2754 Bruto
852 2693 975 2774 tamen,
1004 2689 1032 2754 si
1055 2690 1133 2773 quid
1153 2709 1168 2756 3

114 2777 258 2844 habebis.
302 2777 384 2843 Sciri
407 2779 493 2843 enim
516 2779 582 2842 iam
605 2782 695 2863 puto,
718 2778 776 2842 ubi
798 2778 937 2842 Pansam
960 2782 1132 2860 exspectet.

116 2865 161 2952 Si,
182 2871 220 2931 ut
243 2868 441 2932 consuetudo
461 2871 520 2950 est,
542 2867 701 2950 inprime
719 2865 893 2950 provincia,
917 2867 1043 2930 circiter
1062 2865 1133 2929 Kal.

116 2955 286 3019 adfuturus
310 2955 447 3020 videtur.
483 2955 610 3020 Vellem
633 2955 771 3038 tardius3
794 2955 888 3018 valde
911 2955 997 3018 enim
1020 2954 1134 3017 urbem

75 3043 206 3128 aufugio
230 3043 351 3108 multas
376 3044 417 3108 ob
442 3065 562 3108 causas.
608 3041 724 3126 Itaque
746 3043 780 3106 id
802 3043 911 3127 ipsum
934 3041 1062 3124 dubito,
1092 3063 1135 3104 an

115 3131 356 3196 excusationem
384 3131 527 3215 aliquam
557 3132 598 3195 ad
620 3131 714 3195 illum
736 3129 874 3216 parem3'
894 3130 981 3213 qnod
1004 3128 1135 3212 quidem

116 3220 208 3284 video
232 3221 326 3284 facile
351 3241 428 3284 esse.
472 3218 534 3284 Sed
556 3217 713 3283 habemus
737 3219 816 3282 satis
840 3217 996 3301 temporis
1021 3216 1062 3280 ad
1081 3237 1135 3280 66-

116 3308 294 3394 gitandum.
340 3303 452 3395 Piliae,
475 3305 603 3372 Atticae
627 3307 773 3372 salutem.
