2564 3880
132 143 136 146 ’
171 159 240 224 440
496 158 533 212 u.
554 157 662 212 Tuum
681 156 872 213 cressonis

654 388 710 452 IX.

366 509 423 565 Ser.
439 509 562 564 Puteolis
581 509 644 563 XV
659 509 696 562 K.
717 508 791 562 Mai.
810 525 837 564 a.
857 511 948 576 710(
976 511 1001 576 ).

476 632 623 687 CICERO
640 630 788 686 ATTICO
806 630 890 686 SAL.
947 694 951 703 1

138 758 154 806 1
240 740 290 805 De
311 763 347 804 re
370 740 500 823 publiea
521 740 626 804 multa
648 739 786 823 cognovi
809 760 848 802 ex
866 739 933 803 tuis
956 737 1090 822 litteris3
1113 759 1195 821 quas

177 828 306 912 quidem
319 828 507 912 multiiuges
522 828 630 910 accepi
643 849 708 890 uno
723 831 868 910 tempore
887 825 1053 891 aVestori
1067 826 1195 890 liberto.
1219 853 1228 891 1

174 918 227 980 Ad
245 937 283 980 ea
301 920 419 1002 autem,
434 937 516 998 quae
534 915 682 1000 requiriS‚
700 915 791 979 brevi
805 915 1016 998 respondebo,
1049 913 1196 978 Primum
1266 962 1267 1028 l

174 1004 379 1068 vehementer
402 1025 454 1067 me
472 1001 629 1068 Cluviana
652 1003 819 1068 delectant.
861 1001 925 1066 Sed
947 1002 1035 1086 quod
1058 1003 1196 1086 quaeris,
1266 1033 1267 1084 l

175 1093 254 1175 quid
277 1091 476 1156 arcessierim
497 1089 726 1177 Chrysippum,
748 1091 902 1154 tabernae
923 1090 1004 1154 mihi
1024 1090 1103 1154 duae
1127 1111 1195 1154 cor-

174 1183 324 1264 ruerunt,
350 1179 556 1262 reliquaeque
585 1180 684 1243 rimas
713 1183 827 1263 agimt,
856 1179 968 1261 itaque
994 1200 1062 1242 non
1090 1178 1196 1242 solum

174 1267 340 1351 inquilini,
365 1267 421 1330 sed
443 1289 551 1331 mures
578 1268 676 1331 etiam
705 1267 936 1352 migraverunt.
981 1265 1075 1330 Hanc
1097 1266 1195 1330 ceteri
1208 1293 1229 1330 10

175 1355 391 1419 calamitatem
432 1359 563 1440 vocant,
604 1377 664 1440 ego
700 1376 741 1419 ne
782 1355 1021 1419 incommodum
1058 1355 1194 1438 quidem

176 1442 203 1507 Ο
228 1440 375 1508 Socrates
399 1447 432 1507 ct
455 1442 612 1507 Socratici
633 1443 708 1507 viril
735 1464 912 1526 numquam
939 1443 1033 1507 vobis
1057 1443 1197 1526 gratiam
1267 1473 1268 1518 3

175 1532 320 1595 referem.
366 1529 412 1594 Di
433 1530 647 1616 immortales,
675 1553 772 1614 quam
798 1530 880 1595 mihi
907 1531 972 1594 ista
994 1553 1054 1613 pro
1077 1531 1195 1594 nihilo!

177 1619 240 1684 Sed
252 1623 363 1683 tamen
381 1641 419 1682 ea
436 1620 520 1683 ratio
540 1619 727 1682 aedificandi
745 1619 847 1683 initur
861 1618 1047 1682 consiliario
1066 1619 1196 1701 quidem

176 1711 209 1771 et
232 1712 362 1771 auctore
380 1707 542 1789 Vestorio,
565 1710 602 1770 ut
624 1707 687 1770 hoo
711 1708 863 1770 damnum
886 1710 1118 1790 quaestuosum
1144 1707 1195 1770 sit.
1208 1731 1229 1771 1⁵

140 1813 156 1858 a
242 1794 306 1859 Hic
323 1795 420 1860 turba
437 1815 556 1879 magna
574 1798 624 1858 est
643 1795 778 1879 eritque,
791 1798 828 1859 ut
847 1794 952 1879 audio,
971 1794 1084 1858 maior.
1120 1793 1195 1858 Duo

177 1882 306 1965 quidem
339 1883 432 1966 quasi
465 1883 624 1966 designati
657 1883 813 1970 oqnsules.
867 1881 893 1946 0
922 1882 954 1946 di
984 1882 1077 1946 boni!
1114 1883 1197 1946 vivit

176 1972 334 2054 tyrannis,
351 1975 509 2053 tyrannus
530 1970 660 2034 oceidit!
696 1969 777 2035 Eius
791 1970 954 2034 interfecti
975 1974 1081 2034 morte
1099 1971 1197 2034 laeta-

175 2058 1229 2230 emittitflttltffflltmlltattttluthffit2„

176 2233 263 2298 Nam
289 2235 373 2298 mori
407 2197 549 2298 miliens,
567 2234 733 2317 praestitit
761 2256 858 2317 quam
891 2199 971 2298 liaeo
1001 2234 1085 2319 pati3
1115 2255 1198 2318 quae

175 2322 256 2386 mihi
280 2321 430 2385 videntur
451 2321 605 2386 habitura
628 2323 725 2386 etiam
747 2325 953 2386 vetustatem.

140 2427 157 2474 3
243 2409 288 2472 Et
311 2407 432 2472 Balbus
454 2409 508 2474 hic
536 2413 585 2473 est
611 2410 814 2493 multumque
841 2431 974 2475 mecum
1020 2407 1073 2473 Ad
1102 2432 1197 2493 quem

177 2494 337 2560 aVetere
363 2496 491 2561 litterae
519 2498 612 2561 datae
639 2498 741 2581 pridie
768 2498 840 2562 Kal.
863 2497 999 2583 Ianuar,
1022 2519 1097 2561 cum
1120 2521 1140 2562 a
1164 2521 1197 2562 se

178 2582 335 2648 Caecilius
354 2584 639 2649 circumsederetur
653 2590 686 2649 et
704 2587 769 2650 iam
787 2591 959 2670 teneretur,
981 2586 1110 2650 venisse
1124 2608 1197 2650 cum
1209 2609 1229 2650 a

176 2672 326 2736 maximis
350 2673 453 2755 copiis
479 2672 637 2738 Pacorum
664 2673 834 2758 Parthum3
862 2674 911 2737 ita
938 2674 1001 2738 sibi
1029 2695 1099 2738 esse
1123 2697 1198 2738 eum

177 2763 326 2841 ereptum
348 2761 463 2824 multis
486 2760 554 2825 suis
575 2762 711 2825 amissis.
757 2761 796 2826 In
819 2784 883 2846 qua
908 2783 944 2825 re
967 2765 1096 2826 accusat
1120 2762 1197 2826 Vol·

177 2847 307 2911 cacium.
351 2845 402 2910 Ita
427 2848 508 2911 mihi
535 2850 664 2914 videtur
695 2850 817 2914 bellum
846 2849 929 2913 illud
956 2850 1085 2914 instare.
1134 2849 1197 2915 Sed

176 2933 346 2998 Dolabella
369 2938 401 2998 et
419 2933 531 3000 Nicias
552 2937 701 3002 viderint.
746 2936 835 3002 Idem
852 2937 974 3001 Balbus
998 2937 1134 3001 meliora
1159 2938 1196 3001 de

177 3020 291 3086 Gallia.
332 3040 395 3086 m
431 3023 482 3086 die
517 3023 644 3088 litteras
671 3025 812 3089 habebat
845 3024 1022 3090 Germanos
1056 3025 1195 3109 illaeque
1208 3049 1229 3089 11

176 3110 324 3175 nationes
347 3132 384 3174 re
402 3111 513 3174 audita
531 3111 569 3175 de
588 3110 725 3177 Caesare
747 3115 872 3198 legatos
890 3113 1018 3177 misisse
1036 3113 1076 3177 ad
1093 3112 1196 3177 Aure

176 3198 267 3285 lium,
290 3199 346 3282 qui
370 3202 419 3261 est
442 3200 647 3282 praepositus
672 3202 712 3265 ab
736 3200 861 3286 Hirtio,
884 3223 927 3286 se,
951 3201 1037 3284 quod
1059 3201 1197 3284 impera

177 3290 248 3349 tum
272 3289 366 3370 esset,
389 3308 458 3350 esse
477 3287 629 3351 facturos.
675 3288 759 3363 Quid
782 3290 933 3372 quaeris?
975 3289 1083 3354 omnia
1100 3289 1197 3373 plena

176 3373 275 3457 pacis,
298 3373 392 3436 aliter
415 3395 451 3437 ac
474 3373 555 3436 mihi
578 3371 717 3440 Calvena
741 3376 873 3441 dixerat.
