2568 3888
248 180 507 236 EPISTULARUM
525 182 576 235 AD
595 182 760 238 ATTICUM
777 183 804 237 II
822 190 936 238 22-24.
1066 187 1106 249 71

77 347 170 389 amas
196 327 341 410 tantum,
369 331 527 409 quantum
548 328 694 410 profecto
718 350 820 414 amas,
848 329 876 392 si
899 328 1034 415 dormis,
1058 351 1109 393 ex-

77 414 281 499 pergiscere,
305 415 333 477 si
357 418 438 501 stas,
460 416 641 500 ingredere,
673 416 701 480 si
723 417 916 502 ingrederis,
946 438 1050 502 curre,
1080 418 1109 481 si

77 502 196 587 curriS,
221 502 346 566 advola.
380 501 541 567 Credibile
558 525 625 568 non
643 508 703 589 est,
727 509 884 588 quantum
903 525 963 589 ego
982 506 1018 568 in
1035 527 1108 569 con·

44 595 49 603 '
78 590 166 653 siliis
186 596 217 655 et
233 590 407 674 prudentia
424 596 491 677 tua,
510 593 654 675 quodque
671 594 849 657 maximum
867 595 926 677 est,
950 597 1108 676 quantum

49 679 117 742 sin
139 701 254 743 amore
278 684 310 742 et
333 679 396 743 fide
419 701 545 764 ponam.
591 680 783 766 Magnitudo
807 682 854 745 rei
883 681 1016 766 longam
1039 703 1108 746 ora·

76 767 206 830 tionem
237 767 376 832 fortasse
404 767 577 851 desiderat,
610 770 893 834 coniunctiorem
921 773 1109 834 nostrorum

76 854 268 919 animorum
300 855 459 920 brevitate
491 859 643 921 contenta
675 861 733 922 eat.
791 856 964 942 Permagni
994 863 1108 923 nostra

75 944 220 1007 interest
243 948 291 1027 te,
320 944 348 1008 si
371 945 511 1008 comitiis
538 967 606 1009 non
627 946 782 1029 potueris,
806 950 840 1010 at
864 946 1025 1011 declarato
1049 947 1106 1011 illo

75 1053 150 1096 esse
175 1031 308 1096 Romae.
356 1030 452 1118 Cura,
474 1037 512 1097 ut
534 1033 651 1098 valeas.

37 1235 63 1272 ιο
538 1209 657 1275 XXIV.

245 1329 304 1386 Ser.
325 1329 429 1385 Romae
447 1337 511 1385 uate
530 1330 593 1385 XV
608 1331 646 1386 K.
665 1332 737 1386 Noc.
756 1349 783 1386 a.
799 1336 855 1387 695
874 1336 945 1402 (59).

408 1453 537 1509 CICERO
556 1453 689 1509 ATTICO
710 1454 784 1510 SAL.

149 1559 238 1636 Quas
261 1559 434 1627 Numestio
464 1563 592 1627 litteras
620 1563 707 1648 dedi,
734 1564 780 1627 sic
802 1568 836 1627 te
859 1564 899 1628 iis
924 1564 1105 1648 evocabam,
1127 1585 1141 1632 1

76 1653 116 1712 ut
140 1649 228 1712 nihil
251 1649 357 1713 acrius
379 1671 483 1734 neque
504 1650 671 1715 incitatius
690 1652 761 1714 fieri
784 1656 903 1735 posset.
941 1650 994 1716 Ad
1016 1653 1107 1717 illam

38 1764 63 1803 ιι
77 1737 282 1801 celeritatem
306 1737 384 1802 addc
408 1738 515 1825 etiam,
538 1739 566 1803 si
590 1739 669 1822 quid
690 1743 793 1822 potes,
833 1738 882 1804 Ao
904 1761 945 1804 ne
969 1740 1014 1804 sis
1037 1762 1106 1823 per-

78 1825 237 1889 turbatus
262 1823 353 1912 (novi
377 1827 463 1890 enim
485 1831 518 1890 te
542 1832 574 1890 et
591 1849 659 1891 non
677 1828 803 1913 ignoro,
827 1849 924 1911 quam
948 1830 992 1892 sit
1016 1850 1106 1893 amor

80 1914 188 1978 omnis
211 1913 371 1978 sollicitus
391 1918 488 1999 atque
503 1913 632 2002 anxius)
648 1953 690 1962 --
706 1916 761 1979 sed
783 1937 835 1981 res
859 1920 917 2000 est,
940 1919 978 1980 ut
1002 1938 1106 2002 spero,

78 2023 149 2066 non
171 2006 241 2066 tam
264 2003 354 2066 exitu
376 2003 513 2067 molesta
537 2026 634 2087 quam
658 2004 756 2068 aditu
802 2004 934 2069 Vettius
958 2004 1027 2091 ille,
1049 2005 1140 2070 illes

78 2094 194 2154 noster
207 2091 314 2175 index,
329 2088 467 2176 Caesari,
490 2094 527 2155 ut
545 2093 766 2176 perspicimus,
784 2092 949 2176 pollicitus
967 2095 1016 2158 est
1035 2115 1104 2157 sese

39 2206 65 2244 a
79 2182 285 2265 curatumm,
307 2180 403 2242 utin
426 2180 568 2263 aliquam
591 2180 807 2263 suspicionem
828 2181 981 2246 facinoris
1005 2178 1104 2245 Curio

78 2268 168 2331 filius
193 2267 412 2331 adduceretur.
453 2268 568 2352 Itaque
591 2270 770 2333 insinuavit
792 2270 828 2334 in
849 2269 1104 2334 familiaritatem

79 2355 298 2420 adulescentis
313 2359 346 2420 ct
358 2377 432 2420 eum
452 2379 499 2443 eo,
522 2362 629 2422 utres
647 2357 778 2444 indicat,
800 2380 894 2441 saepe
913 2379 1104 2443 congressus

78 2467 149 2508 rem
170 2444 208 2508 in
231 2465 305 2509 eum
323 2443 431 2509 locum
449 2444 591 2529 deduxit,
615 2448 652 2509 ut
671 2446 791 2510 diceret
810 2446 873 2511 sibi
891 2450 1012 2511 certum
1034 2468 1103 2512 esse

78 2555 154 2596 cum
177 2532 246 2596 suis
270 2533 371 2597 servis
395 2534 430 2597 in
447 2532 638 2618 Pompeium
660 2534 818 2617 impetum
839 2535 943 2600 facere
966 2556 1104 2619 eumque

40 2647 65 2687 as
79 2622 234 2685 occidere.
280 2620 353 2686 Hoc
376 2620 474 2686 Curio
499 2623 539 2686 ad
561 2627 687 2706 patrem
711 2623 841 2705 detulit,
868 2623 924 2687 ille
948 2623 988 2686 ad
1010 2621 1104 2689 Pom·

78 2710 198 2793 peium.
244 2708 310 2773 Res
335 2709 441 2774 delata
464 2711 505 2775 ad
529 2715 677 2775 senatum
700 2714 756 2776 cst.
802 2711 1011 2776 Introductus
1026 2710 1103 2776 Vct

78 2799 145 2862 tius
175 2797 282 2882 primo
311 2798 452 2882 negabat
480 2820 514 2863 se
542 2822 697 2882 umquam
726 2820 799 2864 cum
822 2797 962 2864 Curione
985 2800 1103 2863 consti-

79 2888 173 2970 tisse,
195 2907 302 2970 neque
324 2886 359 2950 id
382 2909 458 2951 sane
483 2887 551 2972 diu;
578 2909 655 2952 nam
678 2887 789 2952 statim
816 2888 913 2952 fidam
939 2887 1103 2971 publicam

78 2974 267 3059 postulavit.
320 2973 543 3040 Reclamatum
573 2979 629 3039 est.
680 2975 763 3039 Tum
793 2975 941 3059 exposuit
971 2997 1103 3040 manum

42 3063 179 3128 sofinsse
202 3062 383 3127 iuventutis
415 3063 493 3127 duce
517 3060 670 3147 Curione,
700 3065 735 3127 in
766 3085 829 3147 qua
856 3062 976 3128 Paulus
1006 3064 1101 3128 initio

77 3152 194 3216 fuisset
218 3154 252 3215 ct
276 3149 311 3226 Q.
335 3148 453 3234 Caepio
483 3151 537 3215 hic
559 3151 681 3216 Brutus
708 3155 741 3216 et
763 3151 935 3237 Lentulus,
963 3151 1102 3216 flaminis

14 3299 15 3306 ,
78 3241 179 3323 filius,
214 3239 343 3304 conscio
375 3243 481 3323 patre3
512 3243 625 3323 postea
657 3238 691 3305 C,
724 3237 930 3326 Septimium,
963 3241 1102 3304 scribam

78 3329 200 3413 Bibuli,
223 3328 400 3412 pugionem
423 3327 488 3392 sibi
506 3350 526 3392 a
543 3328 663 3392 Bibulo
682 3328 841 3392 attulisse.
880 3325 972 3402 Quod
995 3331 1102 3392 totum

77 3418 211 3482 irrisum
234 3420 299 3501 cst,
322 3415 436 3481 Vettio
451 3416 634 3501 pugionem
657 3416 810 3498 defuisse,
836 3415 902 3479 nisi
929 3415 958 3479 ei
989 3414 1102 3479 consul

14 3511 16 3546 ³
43 3529 65 3571 u
79 3506 233 3589 dedisset,
264 3525 365 3588 eoque
394 3505 499 3589 magis
529 3505 564 3569 id
592 3505 730 3569 eiectum
757 3507 815 3586 est,
846 3503 932 3585 quod
959 3525 985 3566 a.
1011 3503 1039 3565 d.
1062 3519 1102 3566 111
