2616 3884
153 151 219 215 232
473 150 510 205 Μ.
530 150 637 204 TULLI
655 149 844 206 CICERONIS

151 317 210 359 nec
236 293 416 360 mehercule
443 296 556 379 istum,
583 299 715 378 propter
746 316 842 378 quem
869 293 951 358 mihi
978 315 1045 358 uon
1068 293 1169 358 modo
1297 285 1298 288 ¹

153 383 243 470 meis,
264 384 320 447 sed
342 388 460 447 memet
482 385 553 467 ipso
577 383 749 447 carendum
772 386 829 446 est.

116 489 134 536 3
219 471 271 535 Ad
292 471 504 573 Plrilotimum
533 471 648 572 scripsi
675 472 714 535 de
741 471 859 572 viatico
878 470 956 571 'sive
984 493 1003 533 a
1029 469 1167 572 Moneta

153 557 903 731 twtttltltttbmltttt.II
927 558 1153 624 asama
1197 670 1209 711 ⁵

614 821 704 888 VIII.

310 945 368 1001 Ser.
383 944 416 998 iu
434 900 587 999 Eormiuao
610 945 655 1000 VI
669 944 707 998 K.
722 945 808 1000 Mart.
824 962 849 999 a.
866 947 921 999 705
941 946 1010 1012 (49).

475 1065 604 1121 CICERO
620 1066 752 1122 ATTICO
772 1066 846 1121 SAL.

120 1191 135 1238 1
222 1173 249 1238 O
272 1197 341 1239 rem
362 1179 490 1258 turpem
513 1179 545 1239 et
568 1197 605 1240 ee
622 1197 657 1239 re
675 1174 839 1239 miseram!
877 1173 930 1240 Sic
948 1175 1034 1240 enlm
1052 1177 1170 1259 cantic,

156 1264 189 1328 id
216 1264 343 1327 demum
371 1268 427 1327 aut
454 1264 563 1347 potius
594 1264 629 1327 id
656 1264 762 1327 solum
789 1285 858 1327 6666
880 1264 1046 1347 miserum,
1080 1265 1169 1348 quod
1184 1289 1213 1329 16

155 1357 250 1434 turpe
273 1353 325 1416 sit.
370 1351 505 1415 Aluerat
529 1350 710 1437 Caesarem3
743 1352 878 1415 eundem
900 1355 1031 1435 repente
1053 1352 1169 1417 timere

157 1443 314 1525 coeperat,
340 1440 558 1504 condicionem
580 1441 668 1523 pacis
690 1440 814 1504 nullam
836 1440 1000 1526 probarat,
1022 1440 1107 1504 nihil
1126 1440 1168 1504 ad

156 1528 278 1592 bellum
304 1532 446 1610 pararat,
476 1528 589 1591 urbem
618 1529 806 1613 reliquerat,
834 1527 988 1592 Picenum
1016 1528 1169 1593 amiserat

157 1618 264 1700 culpa,
290 1617 326 1680 in
352 1615 506 1699 Apuliam
534 1637 568 1680 se
594 1619 812 1701 compegerat,
838 1616 908 1680 ibat
934 1617 969 1680 in
992 1614 1169 1702 Graeciam,

158 1727 268 1771 omnes
299 1726 360 1769 nos
392 1705 686 1788 ἄπροςφωνήτους,
718 1707 863 1787 expertes
892 1705 944 1768 sui
970 1705 1068 1790 tanti,
1100 1709 1169 1769 tam
1183 1729 1212 1771 15

122 1810 138 1856 2
157 1793 306 1858 inusitati
329 1792 455 1856 consilii
478 1793 688 1875 relinquebat.
725 1792 807 1856 Ecce
830 1793 939 1856 subito
957 1792 1085 1856 litterae
1104 1792 1169 1857 Do·
1296 1847 1299 1852 .

158 1883 231 1946 miti
254 1881 294 1946 ad
316 1880 417 1964 illum,
439 1880 541 1963 ipsius
565 1880 605 1943 ad
628 1880 783 1944 consules.
819 1879 963 1944 Fulsisse
986 1881 1067 1944 mihi
1084 1882 1171 1946 vide-

157 1972 254 2070 batur
282 1970 319 2033 τὸ
330 1969 450 2119 ἀκῖλᾲῖ
473 1968 512 2030 ad
536 1967 645 2032 oculos
669 1968 737 2032 eius
762 1971 793 2032 61
817 1968 1010 2032 exclamasse
1033 1968 1088 2033 ille
1111 1970 1171 2054 vir,

158 2081 214 2141 qm
238 2079 306 2120 esse
352 2077 454 2120 eur:

291 2180 396 2264 ’Πρὸς
417 2177 513 2244 ταῦθ’
539 2178 558 2243 ὅ
580 2203 613 2243 τι
636 2180 709 2264 χρή,
731 2177 786 2242 καὶ
808 2181 1040 2263 παλαμάσθων
1185 2207 1213 2245 ec

289 2265 344 2331 καὶ
366 2265 457 2330 πάνθ
485 2263 530 2330 ἐπ’
558 2265 630 2349 ἐμοὶ
652 2266 907 2332 τεκταινέσθων·

290 2355 413 2439 τὸγὰρ
437 2350 474 2419 εὖ
497 2351 560 2439 μετ’
589 2353 690 2437 ἐμοῦ]

156 2497 202 2560 At
220 2495 275 2559 ille
293 2495 479 2560 1111116111
498 2499 627 2581 χαίρειν
642 2502 689 2582 τςό
707 2501 797 2582 καλῷ
816 2497 923 2560 dicens
942 2497 1048 2581 pergit
1066 2496 1171 2562 Brun-

157 2584 282 2648 disium.
328 2582 508 2648 Domitium
532 2587 640 2648 autem
663 2583 754 2648 aiunt
776 2606 810 2648 re
834 2585 943 2648 audita
966 2589 998 2649 et
1022 2607 1085 2670 666,
1114 2587 1171 2669 qui
1300 2621 1301 2656 1

157 2693 221 2734 une
249 2675 370 2755 essent,
402 2692 436 2734 66
463 2671 640 2736 credidisse.
687 2670 714 2734 O
742 2695 810 2736 rem
837 2673 1019 2757 lugubrem!
1055 2671 1171 2757 Itaque
1185 2697 1213 2740 aa

157 2760 355 2823 intercludor
386 2758 508 2844 dolore,
541 2781 604 2842 quo
637 2761 742 2824 miuus
774 2761 813 2824 ad
840 2764 873 2825 16
902 2761 995 2844 plura
1023 2762 1170 2826 scribam.

157 2847 243 2912 Tuas
267 2847 393 2911 litteras
417 2850 574 2929 exspecta

638 3021 692 3088 IX.

324 3141 380 3198 Ser.
395 3143 427 3196 ia
446 3141 598 3197 Formiano
621 3144 648 3199 V
663 3144 700 3198 K.
716 3144 803 3198 Mart
819 3162 844 3199 a.
861 3147 916 3199 705
936 3147 1004 3214 (49).

463 3265 608 3320 CICERO
625 3266 771 3322 ATTICO
789 3267 871 3323 SAL.

124 3389 139 3436 1
225 3373 411 3458 Epistulam
441 3396 546 3438 meam
578 3372 664 3456 quod
698 3374 921 3460 pervulgatam
950 3376 1064 3440 scribis
1091 3397 1170 3461 6666,
1300 3411 1301 3418 1

158 3483 225 3526 nou
248 3463 315 3527 fero
337 3461 486 3547 moleste,
515 3460 593 3544 quin
616 3460 713 3524 etiam
735 3461 805 3544 ipse
827 3463 939 3526 multis
962 3463 1034 3526 dedi
1056 3463 1170 3527 descri-
