2576 3884
199 171 316 225 XXVIII
520 168 731 224 ADNOTA'IIO
751 167 892 224 CRITIOA

199 327 252 380 666
264 312 325 380 ipso
339 310 418 365 codd.
428 314 541 381 praeter
554 310 585 364 M
598 311 714 380 (partim
727 313 794 379 ipsc
809 313 859 363 aut
872 311 952 380 r'pce),
970 309 1112 376 Wesenb,
1132 309 1220 376 Boot,

199 382 351 449 Lehmann,
365 399 417 451 quo
427 384 497 451 ipsa,
508 382 558 435 sed
568 381 631 448 del,
641 381 678 448 M,
694 398 746 435 om.
758 381 862 447 Baiter,
873 397 925 450 666
935 381 1096 504 1866666166.
1118 380 1220 434 Murra
1272 369 1273 426 1

199 452 315 521 Tyrrell.
335 485 370 492 -
390 458 422 506 17
442 454 505 507 Α61
527 452 605 506 codd.
626 454 687 520 (cat
703 451 749 518 N),
769 452 924 506 seductore
968 451 997 517 Ρ,
1016 451 1047 504 in
1065 450 1095 502 M
1113 465 1221 502 rasura

199 523 229 575 in
247 523 300 578 Ast
313 522 467 591 (Lehmann
486 538 528 591 ep.
538 522 586 575 sel.
596 541 623 591 p.
635 525 706 590 246),
725 522 830 589 Baiter,
849 521 966 590 Pyrrell,
986 520 1138 574 Lehmann.
1169 521 1220 572 Ad

198 611 225 662 p.
241 597 283 646 26.
300 600 340 647 12.
355 625 391 635 -
404 593 443 647 It.
460 593 606 662 proadem
623 591 743 658 Ernesti,
762 593 841 646 Boot.
861 622 896 632 —
915 598 948 644 31
967 592 998 645 ic
1016 592 1103 660 66661
1121 590 1219 658 Klotz,

200 663 340 718 Streicher
354 663 506 718 Commeat.
525 663 631 716 Ieueus.
642 663 681 715 III
693 680 720 731 p.
732 669 783 716 139
797 681 823 716 u.
836 668 859 726 3,
879 661 997 730 Tyrrell,
1011 663 1107 730 idque
1122 661 1219 729 codd,
1273 679 1274 684 ¹

198 734 282 804 vulg,
302 736 378 802 quod
395 751 451 787 nou
468 733 669 802 repudiassem,
688 733 744 786 uisi
761 733 792 786 iu
807 732 950 787 codicibus
964 731 1037 785 nihil
1047 731 1109 785 'fere
1123 731 1219 785 inter-

199 808 274 858 esset
295 805 370 858 inter
393 821 443 874 666
467 807 497 857 61
520 805 591 872 qood
614 806 644 857 et
666 803 740 870 sim,
769 803 847 857 velut
868 820 918 872 666
942 803 1079 872 scriptum
1099 804 1144 856 est
1161 819 1218 871 pro

199 877 271 944 6666
296 880 398 943 p.144.
416 880 457 941 16,
481 879 600 940 49922,
618 890 669 943 pro
688 890 741 944 quc
760 880 819 927 264.
835 880 877 940 22,
898 879 957 926 267.
974 879 990 926 6
1010 875 1142 943 (quoque),
1162 890 1218 942 pro

199 963 250 999 coc
268 950 390 1010 39214,
415 960 466 1013 pro
485 946 534 1014 666
551 946 670 1012 29618,
692 949 803 997 49819
823 946 985 1013 (ceteroque),
1004 944 1076 1013 quod
1093 959 1145 1012 pro
1165 945 1219 1012 qai
1274 945 1275 948 ’

199 1020 270 1085 (111.
287 1019 339 1084 24,)
363 1020 422 1068 221.
438 1021 484 1082 32,
509 1015 577 1082 quid
598 1031 650 1083 pro
669 1031 719 1082 pce
739 1020 860 1081 14319,
885 1017 934 1083 qui
950 1029 1002 1083 pro
1021 1031 1072 1082 que
1091 1018 1217 1081 12612,

200 1091 321 1152 26616,
345 1090 405 1138 sor.
422 1091 464 1152 11,
507 1101 537 1138 ro
557 1101 626 1153 quae
645 1091 704 1139 141.
720 1090 754 1138 66
773 1087 825 1138 etc.
860 1082 900 1137 cf.
917 1085 955 1137 ac
972 1103 998 1153 p.
1014 1090 1057 1137 40.
1073 1090 1106 1136 21
1123 1086 1153 1137 ee
1168 1089 1214 1152 30,
1275 1090 1276 1146 l

199 1155 271 1208 Phil.
285 1173 312 1224 p.
327 1161 432 1219 473.8;
451 1155 481 1207 iu
510 1155 582 1208 aad
599 1173 626 1224 p.
639 1161 750 1209 12121.
783 1157 793 1224 ΙΙ
824 1154 946 1209 Ρ.89.1
966 1155 1033 1208 mire
1052 1153 1118 1208 Otto
1139 1171 1213 1208 mus.
1275 1155 1276 1160 ’

198 1225 287 1278 Ithen.
300 1231 368 1279 1886
382 1243 409 1294 p.
421 1231 481 1291 366,
500 1227 532 1279 ia
545 1243 586 1280 me
600 1224 690 1292 codd,
705 1225 769 1279 secl.
785 1225 890 1293 Baiter,
904 1225 984 1293 Boot,
999 1224 1115 1293 Tyrrell,
1131 1241 1219 1278 cruce

200 1296 310 1350 notavit
331 1295 479 1362 Wesenb,
506 1297 563 1350 iam
590 1295 749 1362 Lehmann,
777 1313 878 1350 camme
907 1298 957 1349 aut
984 1297 1112 1349 acerrime
1140 1295 1215 1348 coni.

199 1367 314 1434 Kayser.
343 1397 378 1406 -
405 1372 495 1431 2666,
518 1381 602 1432 meos,
624 1383 684 1420 mea
703 1365 847 1419 Lehmann
867 1364 1075 1419 ‘Wochenschn
1091 1363 1215 1419 111666,
1276 1389 1277 1410 ι

200 1436 283 1490 Phil.'
304 1442 381 1491 1897.
401 1441 453 1489 558
461 1453 501 1503 sq.
514 1436 547 1489 of.
558 1436 624 1490 fam.
639 1436 678 1489 VI
692 1442 770 1503 3ex.,
785 1436 857 1489 Phil.
868 1437 894 1488 Π
908 1441 950 1490 28.
960 1441 1002 1497 68,
1016 1435 1064 1488 hic
1076 1453 1103 1504 p.
1116 1440 1158 1488 86.
1171 1442 1217 1504 27,

200 1525 240 1562 me
253 1523 324 1562 meos
337 1524 378 1562 me
391 1525 415 1560 v.
425 1523 447 1560 o.
458 1506 596 1573 Lambini,
610 1508 663 1561 mei
676 1509 825 1561 recorrecti
838 1506 905 1560 Bosi
917 1505 1031 1573 ‘codd.’,
1046 1523 1086 1559 rw
1100 1507 1166 1560 reris
1175 1505 1216 1572 M,

200 1595 240 1632 mc
260 1594 380 1646 meosque
397 1578 463 1631 neeis
479 1594 567 1646 marg.
582 1577 625 1644 M,
648 1576 753 1643 Baiter,
776 1577 917 1644 Wesenb,
937 1577 1017 1642 Boot,
1036 1575 1154 1644 Tyrrell,
1173 1594 1217 1631 me

200 1665 271 1703 meos
284 1648 428 1702 Lehmann
442 1664 484 1716 ep.
497 1647 544 1701 sel.
557 1647 569 1700 I
583 1653 624 1701 16.
640 1679 674 1688 -
694 1654 710 1701 9
729 1665 769 1702 me
783 1645 865 1714 Orat,
887 1647 992 1715 Lamb,
1007 1645 1101 1712 Orelli,
1117 1645 1218 1700 Baiter
1277 1654 1278 1686 ³

201 1721 318 1789 (1661666
335 1721 394 1787 me),
409 1718 561 1784 Lehmann,
581 1735 633 1771 om.
650 1718 739 1784 codd,
757 1718 831 1788 vulg.
864 1717 894 1771 V.
911 1718 948 1770 ad
965 1735 991 1786 p.
1009 1723 1049 1770 11.
1067 1723 1109 1782 11,
1129 1722 1154 1770 8.
1171 1723 1215 1770 19.

200 1821 236 1831 -
249 1795 283 1842 26
302 1790 424 1858 aliquid
438 1788 577 1854 Weseub,
596 1789 676 1855 Boot,
695 1788 804 1856 Tyrrell
822 1804 864 1857 66.
881 1795 922 1854 74,
942 1788 1009 1856 quid
1022 1786 1059 1854 M,
1079 1787 1130 1840 sed
1143 1805 1168 1840 v.
1180 1793 1217 1840 26

200 1861 418 1915 (1616666666
438 1860 518 1912 aliud
536 1860 644 1926 aliquid
662 1859 710 1926 (ad
727 1877 754 1927 p.
771 1861 859 1927 248),
880 1858 942 1912 ‘sed
959 1857 1045 1911 verba
1063 1857 1143 1910 aliud
1162 1859 1217 1911 611-

201 1932 268 2000 quid
291 1929 368 1983 linea
391 1929 531 1982 subducta
550 1927 645 1982 deleta
663 1929 749 1996 sunt',
772 1928 877 1985 Baiter.
905 1960 941 1968 -
969 1933 1002 1981 28
1013 1945 1053 1995 sq.
1074 1929 1217 1995 artocreae,
1278 1936 1279 1970 l

201 2001 302 2069 qood,
320 2017 382 2053 cum
400 2000 428 2068 Ζ,
446 1999 551 2065 Baiter,
570 1998 701 2051 Weseub.
716 2030 751 2038 -
770 2004 803 2051 29
824 2000 922 2052 laetae
941 1999 968 2065 Ζ,
989 1997 1128 2065 Wesenb,
1153 2016 1217 2053 carn

202 2073 288 2124 laetae
301 2073 365 2134 6161,
379 2070 445 2123 dam
459 2071 595 2138 16666166,
609 2086 670 2122 cam
684 2069 767 2122 lectae
779 2076 851 2134 66661,
865 2076 923 2124 tum
932 2068 1077 2122 Lehmann
1089 2067 1215 2122 ’1611166-

200 2140 312 2193 bericht
336 2138 384 2192 des
407 2139 505 2208 philol.
520 2138 649 2192 Vereins'
672 2143 741 2191 1888
760 2157 787 2206 p.
803 2145 864 2205 267,
887 2157 956 2208 6666
974 2157 1058 2208 quom
1077 2140 1216 2208 16666166,

200 2211 528 2334 il‘ssclmilltrllli
551 2209 906 2334 1161313611
933 2209 1218 2334 iibffillliiial*

201 2357 235 2403 32
254 2323 329 2404 acie}
344 2321 485 2416 Wesenb,
510 2297 590 2416 Boldt,
616 2322 725 2417 Pyrrell
745 2298 897 2418 plausibile
914 2297 971 2404 Mon
990 2322 1081 2403 solum
1098 2323 1218 2419 propter

200 2421 371 2474 facilitatem
392 2418 475 2489 (nihil
499 2419 574 2472 enim
600 2419 775 2487 frequentius
804 2423 847 2474 est
870 2421 1032 2474 confrrsione
1054 2420 1217 2474 litterarum

201 2494 234 2559 r'e,
258 2493 290 2559 ec',
309 2493 328 2558 i,
347 2493 379 2559 e),
399 2491 449 2543 sed
467 2492 582 2558 propter
599 2491 797 2544 necessitatem
816 2494 892 2560 (nam
911 2491 990 2544 aliud
1008 2492 1058 2557 est,
1078 2491 1155 2558 quod
1173 2494 1216 2544 te-

200 2561 254 2631 tigi
272 2580 299 2631 p.
310 2568 352 2615 87.
364 2567 398 2613 33
412 2562 437 2614 61
450 2563 607 2629 restituor),
626 2563 679 2615 scis
693 2561 782 2627 codd,
796 2562 873 2632 vulg.
883 2593 919 2602 -
932 2561 971 2614 11).
982 2563 1137 2629 ceperatis
1148 2561 1214 2615 add.

200 2635 265 2702 post
275 2633 388 2700 putabis
401 2631 510 2697 Bosius,
529 2631 633 2698 Baiter,
652 2632 732 2698 Boot,
747 2631 864 2700 Tyrrell,
883 2635 950 2700 post
962 2633 1065 2686 scribas
1078 2631 1213 2685 Weseub.

201 2719 216 2756 6
237 2702 408 2768 ‘Decurtato,
427 2701 625 2766 Tornaesiano,
644 2704 673 2755 et
692 2700 857 2756 Crusellino’
877 2702 951 2769 Bosi,
972 2717 1161 2771 supervacan,
1182 2705 1217 2756 ut

200 2773 270 2825 mihi
285 2773 401 2825 videtur.
425 2773 434 2840 11
457 2772 492 2826 P.
501 2772 578 2826 90.4
592 2774 681 2826 trr'stes
693 2774 772 2827 66616
785 2773 822 2837 M,
835 2773 897 2825 ‘sed
911 2773 1017 2826 eadm.
1030 2773 1121 2840 corr.’,
1132 2772 1215 2826 Boot.

200 2875 236 2884 —
250 2849 265 2896 5
280 2843 375 2896 *Noa
385 2843 464 2896 Boot.
475 2873 510 2882 -
524 2842 583 2895 eL.
594 2842 700 2896 Manut.
712 2859 746 2896 ex
760 2859 803 2912 ep.
814 2843 877 2895 XIII
892 2849 933 2897 66.
943 2849 967 2910 1,
981 2844 1060 2909 Boot,
1071 2842 1215 2910 Wesenb,

200 2912 435 2982 1666116676,
460 2913 502 2966 Μ.
535 2912 573 2979 M,
596 2915 628 2966 16
647 2913 705 2979 alii,
725 2930 777 2966 om.
793 2913 897 2967 Baiter.
917 2945 952 2953 -
971 2919 986 2966 9
1006 2920 1072 2967 tum
1091 2930 1110 2966 6
1127 2914 1217 2980 fratre

200 2987 277 3050 vett,
295 2983 400 3049 Baiter,
420 2982 560 3051 Weseub,
579 2985 655 3052 16666
673 2985 741 3038 milri
758 3002 777 3037 6
798 2984 827 3053 Q.
843 2985 930 3050 fratre
944 2984 1034 3050 Klotz,
1055 3000 1118 3036 cum
1133 3000 1216 3037 cruce

200 3053 316 3122 Tyrrell.
331 3085 367 3092 -
381 3059 415 3106 23
433 3070 540 3108 vereare
559 3053 629 3107 coni.
644 3054 749 3121 Baiter,
769 3071 820 3107 scr.
836 3053 978 3123 Weseub,
996 3055 1076 3121 Boot,
1096 3052 1215 3122 Tyrrell,

200 3126 286 3179 cereri
307 3124 404 3176 Baiter
428 3139 461 3177 ex
485 3125 504 3177 Z
529 3126 557 3177 61
575 3127 641 3177 vett.
657 3124 843 3191 editionibus,
869 3125 1061 3192 ‘quamquam’
1081 3123 1112 3176 in
1130 3124 1214 3179 Torn.

202 3196 355 3264 ‘postrema
373 3194 485 3262 syllaba
497 3211 553 3248 uon
570 3195 720 3248 admodum
737 3195 894 3263 appareat’,
913 3212 965 3249 om.
981 3195 1017 3248 M.
1053 3196 1062 3264 11
1092 3195 1127 3248 P.
1139 3195 1215 3250 91.3

200 3265 335 3336 †addidi.
372 3265 462 3319 Multo
481 3265 581 3318 melius
602 3265 721 3318 Schuetz
744 3265 787 3318 Ta
804 3267 830 3318 ai
856 3296 901 3331 -,
927 3283 967 3320 me
985 3267 1032 3332 soc
1050 3281 1136 3332 quarn
1154 3266 1217 3320 Fac

200 3367 236 3377 —
263 3338 309 3403 sco
335 3353 377 3389 me
398 3335 528 3389 Wesenb.
550 3339 579 3388 et
601 3334 711 3402 Tyrrell
735 3350 777 3403 ep.
798 3340 832 3387 76
856 3335 891 3388 de
914 3335 1021 3388 Baiteri
1045 3334 1214 3390 coniectura.

201 3408 275 3460 Fort.
295 3405 382 3460 etiam
405 3407 502 3474 Noae,
529 3406 620 3475 Quod,
646 3405 749 3474 Quare,
773 3405 837 3474 Ape.
864 3437 900 3446 -
931 3412 964 3459 21
989 3407 1216 3461 1616666661***

201 3477 345 3545 Wesenb,
374 3476 458 3545 Boot,
484 3494 553 3546 6666
576 3483 642 3531 esset
664 3475 747 3529 inser.
768 3474 878 3544 Tyrrell
901 3492 944 3545 ep.
965 3482 998 3531 77
1021 3492 1066 3530 me
1091 3479 1215 3544 auctore,
