<?xml version="1.0" encoding="UTF-8"?>
<!DOCTYPE html PUBLIC "-//W3C//DTD XHTML 1.0 Transitional//EN"
    "http://www.w3.org/TR/xhtml1/DTD/xhtml1-transitional.dtd">
<html xmlns="http://www.w3.org/1999/xhtml" xml:lang="en" lang="en">
 <head>
  <title>
</title>
<meta http-equiv="Content-Type" content="text/html;charset=utf-8" />
  <meta name='ocr-system' content='tesseract 3.04.00' />
  <meta name='ocr-capabilities' content='ocr_page ocr_carea ocr_par ocr_line ocrx_word'/>
</head>
<body>
  <div class='ocr_page' id='page_1' title='image "./scriptaquaemans00mullgoog_0688.png"; bbox 0 0 2560 3880; ppageno 0'>
   <div class='ocr_carea' id='block_1_1' title="bbox 293 146 1113 214">
    <p class='ocr_par' dir='ltr' id='par_1_1' title="bbox 293 146 1113 214">
     <span class='ocr_line' id='line_1_1' title="bbox 293 146 1113 214; baseline 0.018 -15"><span class='ocrx_word' id='word_1_1' title='bbox 293 146 552 202; x_wconf 84' lang='lat' dir='ltr'><strong>EPISTULARUM</strong></span> <span class='ocrx_word' id='word_1_2' title='bbox 570 147 620 202; x_wconf 89' lang='lat' dir='ltr'>AD</span> <span class='ocrx_word' id='word_1_3' title='bbox 638 147 793 204; x_wconf 83' lang='lat' dir='ltr'>BRUTUM</span> <span class='ocrx_word' id='word_1_4' title='bbox 810 149 823 203; x_wconf 88' lang='lat'>1</span> <span class='ocrx_word' id='word_1_5' title='bbox 842 155 920 203; x_wconf 84' lang='lat'><strong>3-4.</strong></span> <span class='ocrx_word' id='word_1_6' title='bbox 1047 148 1113 214; x_wconf 71' lang='lat'>525</span> 
     </span>
    </p>
   </div>
   <div class='ocr_carea' id='block_1_2' title="bbox 34 289 1114 1168">
    <p class='ocr_par' dir='ltr' id='par_1_2' title="bbox 56 289 1114 1168">
     <span class='ocr_line' id='line_1_2' title="bbox 97 289 1114 378; baseline 0.002 -22"><span class='ocrx_word' id='word_1_7' title='bbox 97 289 252 378; x_wconf 83' lang='lat' dir='ltr'>occidit,</span> <span class='ocrx_word' id='word_1_8' title='bbox 260 311 333 354; x_wconf 90' lang='lat' dir='ltr'>cum</span> <span class='ocrx_word' id='word_1_9' title='bbox 365 290 476 374; x_wconf 85' lang='lat' dir='ltr'>paucis</span> <span class='ocrx_word' id='word_1_10' title='bbox 509 291 622 354; x_wconf 86' lang='lat' dir='ltr'>diebus</span> <span class='ocrx_word' id='word_1_11' title='bbox 655 295 729 355; x_wconf 88' lang='lat' dir='ltr'>ante</span> <span class='ocrx_word' id='word_1_12' title='bbox 760 313 878 377; x_wconf 85' lang='lat' dir='ltr'>magno</span> <span class='ocrx_word' id='word_1_13' title='bbox 909 293 1036 376; x_wconf 86' lang='lat' dir='ltr'>proelio</span> <span class='ocrx_word' id='word_1_14' title='bbox 1068 293 1114 358; x_wconf 82' lang='lat' dir='ltr'>v&#39;i-</span> 
     </span>
     <span class='ocr_line' id='line_1_3' title="bbox 97 343 1113 467; baseline 0.001 -24"><span class='ocrx_word' id='word_1_15' title='bbox 97 379 202 443; x_wconf 87' lang='lat' dir='ltr'>cisset.</span> <span class='ocrx_word' id='word_1_16' title='bbox 180 343 335 445; x_wconf 87' lang='lat' dir='ltr'>tNam</span> <span class='ocrx_word' id='word_1_17' title='bbox 357 377 463 443; x_wconf 82' lang='lat' dir='ltr'><strong>Pansa</strong></span> <span class='ocrx_word' id='word_1_18' title='bbox 486 379 614 463; x_wconf 84' lang='lat' dir='ltr'>fugerat</span> <span class='ocrx_word' id='word_1_19' title='bbox 636 379 824 444; x_wconf 85' lang='lat' dir='ltr'>vulneribus</span> <span class='ocrx_word' id='word_1_20' title='bbox 849 381 1003 467; x_wconf 86' lang='lat' dir='ltr'>acceptis,</span> <span class='ocrx_word' id='word_1_21' title='bbox 1031 403 1113 464; x_wconf 84' lang='lat' dir='ltr'>quae</span> 
     </span>
     <span class='ocr_line' id='line_1_4' title="bbox 34 465 1113 552; baseline 0.002 -22.123"><span class='ocrx_word' id='word_1_22' title='bbox 34 468 180 531; x_wconf 90' lang='lat' dir='ltr'>ferre</span> <span class='ocrx_word' id='word_1_23' title='bbox 201 488 268 531; x_wconf 91' lang='lat' dir='ltr'>non</span> <span class='ocrx_word' id='word_1_24' title='bbox 287 467 404 551; x_wconf 83' lang='lat' dir='ltr'>potuit.</span> <span class='ocrx_word' id='word_1_25' title='bbox 446 465 612 550; x_wconf 78' lang='lat' dir='ltr'>Reliquias</span> <span class='ocrx_word' id='word_1_26' title='bbox 636 467 723 531; x_wconf 83' lang='lat' dir='ltr'>host&#39;</span> <span class='ocrx_word' id='word_1_27' title='bbox 698 471 781 531; x_wconf 88' lang='lat' dir='ltr'>trum</span> <span class='ocrx_word' id='word_1_28' title='bbox 804 467 926 532; x_wconf 87' lang='lat' dir='ltr'>Brutus</span> <span class='ocrx_word' id='word_1_29' title='bbox 950 470 1113 552; x_wconf 90' lang='lat' dir='ltr'>persequi·</span> 
     </span>
     <span class='ocr_line' id='line_1_5' title="bbox 98 553 1113 641; baseline 0.001 -22.015"><span class='ocrx_word' id='word_1_30' title='bbox 98 560 153 620; x_wconf 92' lang='grc' dir='ltr'>ιιιι</span> <span class='ocrx_word' id='word_1_31' title='bbox 190 559 223 619; x_wconf 89' lang='grc' dir='ltr'>ιι</span> <span class='ocrx_word' id='word_1_32' title='bbox 259 553 383 619; x_wconf 83' lang='lat' dir='ltr'>Caesar.</span> <span class='ocrx_word' id='word_1_33' title='bbox 438 553 560 619; x_wconf 85' lang='lat' dir='ltr'>Hostes</span> <span class='ocrx_word' id='word_1_34' title='bbox 593 559 700 620; x_wconf 88' lang='lat' dir='ltr'>autem</span> <span class='ocrx_word' id='word_1_35' title='bbox 733 577 843 620; x_wconf 91' lang='lat' dir='ltr'>omnes</span> <span class='ocrx_word' id='word_1_36' title='bbox 877 556 1007 620; x_wconf 87' lang='lat' dir='ltr'>iudicat</span> <span class='ocrx_word' id='word_1_37' title='bbox 984 561 1044 641; x_wconf 94' lang='grc' dir='ltr'>ιι,</span> <span class='ocrx_word' id='word_1_38' title='bbox 1058 557 1113 640; x_wconf 92' lang='lat' dir='ltr'>qui</span> 
     </span>
     <span class='ocr_line' id='line_1_6' title="bbox 70 641 1114 728; baseline -0.002 -18"><span class='ocrx_word' id='word_1_39' title='bbox 70 642 140 710; x_wconf 81' lang='lat' dir='ltr'>sM.</span> <span class='ocrx_word' id='word_1_40' title='bbox 170 641 295 708; x_wconf 80' lang='lat' dir='ltr'>Antoni</span> <span class='ocrx_word' id='word_1_41' title='bbox 330 645 397 707; x_wconf 88' lang='lat' dir='ltr'>sect</span> <span class='ocrx_word' id='word_1_42' title='bbox 399 665 451 707; x_wconf 86' lang='lat' dir='ltr'>arn</span> <span class='ocrx_word' id='word_1_43' title='bbox 486 643 588 707; x_wconf 91' lang='lat' dir='ltr'>secui</span> <span class='ocrx_word' id='word_1_44' title='bbox 623 647 712 728; x_wconf 91' lang='lat' dir='ltr'>sunt,</span> <span class='ocrx_word' id='word_1_45' title='bbox 748 644 845 728; x_wconf 89' lang='lat' dir='ltr'>idque</span> <span class='ocrx_word' id='word_1_46' title='bbox 880 649 1011 710; x_wconf 85' lang='lat' dir='ltr'>senatus</span> <span class='ocrx_word' id='word_1_47' title='bbox 1041 666 1114 709; x_wconf 91' lang='lat' dir='ltr'>con·</span> 
     </span>
     <span class='ocr_line' id='line_1_7' title="bbox 99 731 1114 817; baseline 0.001 -22"><span class='ocrx_word' id='word_1_48' title='bbox 99 732 222 796; x_wconf 83' lang='lat' dir='ltr'>sultum</span> <span class='ocrx_word' id='word_1_49' title='bbox 244 731 390 815; x_wconf 83' lang='lat' dir='ltr'>plerique</span> <span class='ocrx_word' id='word_1_50' title='bbox 411 731 669 815; x_wconf 84' lang='lat' dir='ltr'>interpretantur</span> <span class='ocrx_word' id='word_1_51' title='bbox 688 732 785 796; x_wconf 85' lang='lat' dir='ltr'>etiam</span> <span class='ocrx_word' id='word_1_52' title='bbox 804 732 844 796; x_wconf 87' lang='lat' dir='ltr'>ad</span> <span class='ocrx_word' id='word_1_53' title='bbox 862 736 937 796; x_wconf 88' lang='lat' dir='ltr'>tuos</span> <span class='ocrx_word' id='word_1_54' title='bbox 957 733 1024 797; x_wconf 86' lang='lat' dir='ltr'>sive</span> <span class='ocrx_word' id='word_1_55' title='bbox 1042 754 1114 817; x_wconf 90' lang='lat' dir='ltr'>cap·</span> 
     </span>
     <span class='ocr_line' id='line_1_8' title="bbox 97 819 1113 904; baseline 0.003 -22"><span class='ocrx_word' id='word_1_56' title='bbox 97 821 183 884; x_wconf 85' lang='lat' dir='ltr'>tivos</span> <span class='ocrx_word' id='word_1_57' title='bbox 206 820 272 884; x_wconf 86' lang='lat' dir='ltr'>sive</span> <span class='ocrx_word' id='word_1_58' title='bbox 295 819 462 884; x_wconf 71' lang='lat' dir='ltr'>dediticios</span> <span class='ocrx_word' id='word_1_59' title='bbox 485 819 653 904; x_wconf 85' lang='lat' dir='ltr'>pertinere.</span> <span class='ocrx_word' id='word_1_60' title='bbox 690 819 850 904; x_wconf 82' lang='lat' dir='ltr'>Equidem</span> <span class='ocrx_word' id='word_1_61' title='bbox 874 820 958 885; x_wconf 91' lang='lat' dir='ltr'>nihil</span> <span class='ocrx_word' id='word_1_62' title='bbox 976 821 1113 885; x_wconf 88' lang='lat' dir='ltr'>disserui</span> 
     </span>
     <span class='ocr_line' id='line_1_9' title="bbox 98 904 1113 995; baseline 0.002 -24"><span class='ocrx_word' id='word_1_63' title='bbox 98 907 224 992; x_wconf 91' lang='lat' dir='ltr'>durius,</span> <span class='ocrx_word' id='word_1_64' title='bbox 259 929 332 972; x_wconf 91' lang='lat' dir='ltr'>cum</span> <span class='ocrx_word' id='word_1_65' title='bbox 364 907 558 972; x_wconf 86' lang='lat' dir='ltr'>nominatim</span> <span class='ocrx_word' id='word_1_66' title='bbox 589 908 628 972; x_wconf 88' lang='lat' dir='ltr'>de</span> <span class='ocrx_word' id='word_1_67' title='bbox 662 904 697 972; x_wconf 79' lang='lat' dir='ltr'>O.</span> <span class='ocrx_word' id='word_1_68' title='bbox 725 907 869 974; x_wconf 79' lang='lat' dir='ltr'>Antonio</span> <span class='ocrx_word' id='word_1_69' title='bbox 903 910 1113 995; x_wconf 84' lang='lat' dir='ltr'>decernerem,</span> 
     </span>
     <span class='ocr_line' id='line_1_10' title="bbox 99 996 1112 1080; baseline 0.001 -20"><span class='ocrx_word' id='word_1_70' title='bbox 99 996 185 1079; x_wconf 90' lang='lat' dir='ltr'>quod</span> <span class='ocrx_word' id='word_1_71' title='bbox 211 997 258 1060; x_wconf 83' lang='lat' dir='ltr'>ita</span> <span class='ocrx_word' id='word_1_72' title='bbox 287 999 477 1080; x_wconf 86' lang='lat' dir='ltr'>statueram,</span> <span class='ocrx_word' id='word_1_73' title='bbox 505 1019 524 1059; x_wconf 87' lang='lat' dir='ltr'>a</span> <span class='ocrx_word' id='word_1_74' title='bbox 550 1000 583 1060; x_wconf 90' lang='grc' dir='ltr'>ιι</span> <span class='ocrx_word' id='word_1_75' title='bbox 607 1016 798 1080; x_wconf 74' lang='lat' dir='ltr'>cognoscere</span> <span class='ocrx_word' id='word_1_76' title='bbox 821 1018 950 1062; x_wconf 83' lang='lat' dir='ltr'>causam</span> <span class='ocrx_word' id='word_1_77' title='bbox 973 999 1042 1063; x_wconf 90' lang='lat' dir='ltr'>eius</span> <span class='ocrx_word' id='word_1_78' title='bbox 1066 1019 1112 1062; x_wconf 90' lang='lat' dir='ltr'>se-</span> 
     </span>
     <span class='ocr_line' id='line_1_11' title="bbox 56 1082 667 1168; baseline -0.003 -18"><span class='ocrx_word' id='word_1_79' title='bbox 56 1113 84 1150; x_wconf 86' lang='lat' dir='ltr'>lo</span> <span class='ocrx_word' id='word_1_80' title='bbox 97 1088 211 1148; x_wconf 83' lang='lat' dir='ltr'>natum</span> <span class='ocrx_word' id='word_1_81' title='bbox 234 1087 392 1168; x_wconf 75' lang='lat' dir='ltr'>oportere.</span> <span class='ocrx_word' id='word_1_82' title='bbox 437 1083 478 1150; x_wconf 88' lang='lat' dir='ltr'>V.</span> <span class='ocrx_word' id='word_1_83' title='bbox 495 1082 535 1148; x_wconf 87' lang='lat' dir='ltr'>K.</span> <span class='ocrx_word' id='word_1_84' title='bbox 554 1083 667 1148; x_wconf 84' lang='lat' dir='ltr'>Maias.</span> 
     </span>
    </p>
   </div>
   <div class='ocr_carea' id='block_1_3' title="bbox 209 1258 997 1453">
    <p class='ocr_par' dir='ltr' id='par_1_3' title="bbox 209 1258 997 1453">
     <span class='ocr_line' id='line_1_12' title="bbox 576 1258 632 1325; baseline 0.036 -2"><span class='ocrx_word' id='word_1_85' title='bbox 576 1258 632 1325; x_wconf 88' lang='lat' dir='ltr'>IV.</span> 
     </span>
     <span class='ocr_line' id='line_1_13' title="bbox 209 1379 997 1453; baseline -0.001 -16"><span class='ocrx_word' id='word_1_86' title='bbox 209 1380 266 1437; x_wconf 78' lang='lat' dir='ltr'>Sor.</span> <span class='ocrx_word' id='word_1_87' title='bbox 280 1381 424 1453; x_wconf 76' lang='lat' dir='ltr'>Dyrrachi</span> <span class='ocrx_word' id='word_1_88' title='bbox 440 1381 497 1434; x_wconf 95' lang='lat' dir='ltr'>III</span> <span class='ocrx_word' id='word_1_89' title='bbox 510 1387 561 1436; x_wconf 82' lang='lat' dir='ltr'>aut</span> <span class='ocrx_word' id='word_1_90' title='bbox 574 1381 650 1450; x_wconf 73' lang='lat' dir='ltr'>prid.</span> <span class='ocrx_word' id='word_1_91' title='bbox 665 1380 708 1434; x_wconf 85' lang='lat' dir='ltr'>Id.</span> <span class='ocrx_word' id='word_1_92' title='bbox 724 1379 798 1434; x_wconf 77' lang='lat' dir='ltr'>Mai.</span> <span class='ocrx_word' id='word_1_93' title='bbox 813 1397 839 1434; x_wconf 87' lang='lat' dir='ltr'>a.</span> <span class='ocrx_word' id='word_1_94' title='bbox 855 1383 908 1435; x_wconf 83' lang='lat'>711</span> <span class='ocrx_word' id='word_1_95' title='bbox 928 1384 997 1450; x_wconf 79' lang='lat'><em>(43).</em></span> 
     </span>
    </p>
   </div>
   <div class='ocr_carea' id='block_1_4' title="bbox 391 1500 817 1558">
    <p class='ocr_par' dir='ltr' id='par_1_4' title="bbox 391 1500 817 1558">
     <span class='ocr_line' id='line_1_14' title="bbox 391 1500 817 1558; baseline -0.002 -2"><span class='ocrx_word' id='word_1_96' title='bbox 391 1502 534 1558; x_wconf 82' lang='lat' dir='ltr'><strong>BRUTUS</strong></span> <span class='ocrx_word' id='word_1_97' title='bbox 554 1500 724 1557; x_wconf 82' lang='lat' dir='ltr'>CICERONI</span> <span class='ocrx_word' id='word_1_98' title='bbox 743 1501 817 1556; x_wconf 82' lang='lat' dir='ltr'>SAL.</span> 
     </span>
    </p>
   </div>
   <div class='ocr_carea' id='block_1_5' title="bbox 54 1610 1148 3525">
    <p class='ocr_par' dir='ltr' id='par_1_5' title="bbox 56 1610 1147 1960">
     <span class='ocr_line' id='line_1_15' title="bbox 166 1610 1147 1695; baseline 0.002 -19"><span class='ocrx_word' id='word_1_99' title='bbox 166 1611 294 1688; x_wconf 86' lang='lat' dir='ltr'>Quanta</span> <span class='ocrx_word' id='word_1_100' title='bbox 321 1613 383 1676; x_wconf 88' lang='lat' dir='ltr'>sim</span> <span class='ocrx_word' id='word_1_101' title='bbox 409 1610 535 1676; x_wconf 86' lang='lat' dir='ltr'>laetitia</span> <span class='ocrx_word' id='word_1_102' title='bbox 562 1611 705 1674; x_wconf 86' lang='lat' dir='ltr'>adfectus</span> <span class='ocrx_word' id='word_1_103' title='bbox 735 1611 875 1695; x_wconf 88' lang='lat' dir='ltr'>cognitis</span> <span class='ocrx_word' id='word_1_104' title='bbox 898 1611 995 1676; x_wconf 89' lang='lat' dir='ltr'>rebus</span> <span class='ocrx_word' id='word_1_105' title='bbox 1017 1611 1147 1678; x_wconf 83' lang='lat' dir='ltr'>Brutir</span> 
     </span>
     <span class='ocr_line' id='line_1_16' title="bbox 56 1699 1112 1784; baseline -0.003 -17"><span class='ocrx_word' id='word_1_106' title='bbox 56 1728 84 1769; x_wconf 80' lang='lat' dir='ltr'>rs</span> <span class='ocrx_word' id='word_1_107' title='bbox 98 1701 204 1765; x_wconf 83' lang='lat' dir='ltr'>nostri</span> <span class='ocrx_word' id='word_1_108' title='bbox 231 1704 264 1764; x_wconf 88' lang='lat' dir='ltr'>et</span> <span class='ocrx_word' id='word_1_109' title='bbox 291 1699 469 1784; x_wconf 89' lang='lat' dir='ltr'>consulum,</span> <span class='ocrx_word' id='word_1_110' title='bbox 497 1699 624 1763; x_wconf 77' lang='lat' dir='ltr'>facilius</span> <span class='ocrx_word' id='word_1_111' title='bbox 649 1699 783 1763; x_wconf 82' lang='lat' dir='ltr'>esttibi</span> <span class='ocrx_word' id='word_1_112' title='bbox 807 1699 991 1764; x_wconf 85' lang='lat' dir='ltr'>existimare</span> <span class='ocrx_word' id='word_1_113' title='bbox 1015 1723 1112 1784; x_wconf 87' lang='lat' dir='ltr'>quam</span> 
     </span>
     <span class='ocr_line' id='line_1_17' title="bbox 97 1786 1113 1874; baseline -0.001 -21"><span class='ocrx_word' id='word_1_114' title='bbox 97 1789 179 1854; x_wconf 91' lang='lat' dir='ltr'>mihi</span> <span class='ocrx_word' id='word_1_115' title='bbox 213 1789 360 1852; x_wconf 86' lang='lat' dir='ltr'>scribere.</span> <span class='ocrx_word' id='word_1_116' title='bbox 407 1786 490 1852; x_wconf 82' lang='lat' dir='ltr'>Cum</span> <span class='ocrx_word' id='word_1_117' title='bbox 522 1787 586 1851; x_wconf 84' lang='lat' dir='ltr'>alia</span> <span class='ocrx_word' id='word_1_118' title='bbox 612 1787 708 1850; x_wconf 91' lang='lat' dir='ltr'>laudo</span> <span class='ocrx_word' id='word_1_119' title='bbox 737 1791 770 1850; x_wconf 94' lang='grc' dir='ltr'>ιι</span> <span class='ocrx_word' id='word_1_120' title='bbox 799 1787 922 1872; x_wconf 82' lang='lat' dir='ltr'>gaudeo</span> <span class='ocrx_word' id='word_1_121' title='bbox 951 1788 1113 1874; x_wconf 88' lang='lat' dir='ltr'>accidisse,</span> 
     </span>
     <span class='ocr_line' id='line_1_18' title="bbox 95 1874 1113 1960; baseline -0.001 -19"><span class='ocrx_word' id='word_1_122' title='bbox 95 1881 167 1941; x_wconf 90' lang='lat' dir='ltr'>tum</span> <span class='ocrx_word' id='word_1_123' title='bbox 192 1877 278 1960; x_wconf 91' lang='lat' dir='ltr'>quod</span> <span class='ocrx_word' id='word_1_124' title='bbox 300 1875 396 1940; x_wconf 82' lang='lat' dir='ltr'>Bruti</span> <span class='ocrx_word' id='word_1_125' title='bbox 420 1876 546 1959; x_wconf 88' lang='lat' dir='ltr'>eruptio</span> <span class='ocrx_word' id='word_1_126' title='bbox 569 1895 636 1938; x_wconf 93' lang='lat' dir='ltr'>non</span> <span class='ocrx_word' id='word_1_127' title='bbox 659 1874 797 1938; x_wconf 90' lang='lat' dir='ltr'>solum</span> <span class='ocrx_word' id='word_1_128' title='bbox 787 1875 852 1958; x_wconf 88' lang='lat' dir='ltr'>1psi</span> <span class='ocrx_word' id='word_1_129' title='bbox 871 1875 1022 1940; x_wconf 86' lang='lat' dir='ltr'>salutaris</span> <span class='ocrx_word' id='word_1_130' title='bbox 1040 1877 1113 1960; x_wconf 77' lang='lat' dir='ltr'>trit,</span> 
     </span>
    </p>

    <p class='ocr_par' dir='ltr' id='par_1_6' title="bbox 54 1927 1147 3369">
     <span class='ocr_line' id='line_1_19' title="bbox 98 1927 1147 2038; baseline 0 -8"><span class='ocrx_word' id='word_1_131' title='bbox 98 1965 154 2030; x_wconf 89' lang='lat' dir='ltr'>sed</span> <span class='ocrx_word' id='word_1_132' title='bbox 189 1965 287 2028; x_wconf 86' lang='lat' dir='ltr'>etiam</span> <span class='ocrx_word' id='word_1_133' title='bbox 326 1963 467 2028; x_wconf 83' lang='lat' dir='ltr'>maximo</span> <span class='ocrx_word' id='word_1_134' title='bbox 500 1963 540 2027; x_wconf 85' lang='lat' dir='ltr'>ad</span> <span class='ocrx_word' id='word_1_135' title='bbox 570 1963 636 2027; x_wconf 84' lang='lat' dir='ltr'>vict</span> <span class='ocrx_word' id='word_1_136' title='bbox 638 1963 740 2026; x_wconf 90' lang='lat' dir='ltr'>oriam</span> <span class='ocrx_word' id='word_1_137' title='bbox 772 1963 965 2028; x_wconf 86' lang='lat' dir='ltr'>adiumento.</span> <span class='ocrx_word' id='word_1_138' title='bbox 1021 1927 1147 2038; x_wconf 71' lang='lat' dir='ltr'>Quodn</span> 
     </span>
     <span class='ocr_line' id='line_1_20' title="bbox 97 2050 1113 2135; baseline 0 -18"><span class='ocrx_word' id='word_1_139' title='bbox 97 2052 212 2118; x_wconf 89' lang='lat' dir='ltr'>scribis</span> <span class='ocrx_word' id='word_1_140' title='bbox 244 2051 325 2116; x_wconf 85' lang='lat' dir='ltr'>mihi</span> <span class='ocrx_word' id='word_1_141' title='bbox 352 2052 453 2115; x_wconf 88' lang='lat' dir='ltr'>trium</span> <span class='ocrx_word' id='word_1_142' title='bbox 480 2050 548 2115; x_wconf 86' lang='lat' dir='ltr'>Ant</span> <span class='ocrx_word' id='word_1_143' title='bbox 534 2051 698 2115; x_wconf 88' lang='lat' dir='ltr'>toniorum</span> <span class='ocrx_word' id='word_1_144' title='bbox 728 2072 825 2115; x_wconf 87' lang='lat' dir='ltr'>unam</span> <span class='ocrx_word' id='word_1_145' title='bbox 853 2054 949 2135; x_wconf 84' lang='lat' dir='ltr'>atque</span> <span class='ocrx_word' id='word_1_146' title='bbox 980 2052 1113 2118; x_wconf 86' lang='lat' dir='ltr'>eandem</span> 
     </span>
     <span class='ocr_line' id='line_1_21' title="bbox 54 2139 1113 2226; baseline -0.004 -18"><span class='ocrx_word' id='word_1_147' title='bbox 54 2170 83 2208; x_wconf 83' lang='grc' dir='ltr'>ιο</span> <span class='ocrx_word' id='word_1_148' title='bbox 97 2163 226 2206; x_wconf 87' lang='lat' dir='ltr'>causam</span> <span class='ocrx_word' id='word_1_149' title='bbox 249 2162 332 2226; x_wconf 71' lang='lat' dir='ltr'>esse,</span> <span class='ocrx_word' id='word_1_150' title='bbox 360 2140 437 2223; x_wconf 90' lang='lat' dir='ltr'>quid</span> <span class='ocrx_word' id='word_1_151' title='bbox 460 2160 519 2225; x_wconf 88' lang='lat' dir='ltr'>ego</span> <span class='ocrx_word' id='word_1_152' title='bbox 544 2139 690 2225; x_wconf 88' lang='lat' dir='ltr'>sentiam,</span> <span class='ocrx_word' id='word_1_153' title='bbox 712 2139 776 2202; x_wconf 89' lang='lat' dir='ltr'>mei</span> <span class='ocrx_word' id='word_1_154' title='bbox 799 2139 910 2203; x_wconf 92' lang='lat' dir='ltr'>iudicii</span> <span class='ocrx_word' id='word_1_155' title='bbox 934 2161 1016 2204; x_wconf 89' lang='lat' dir='ltr'>csse:</span> <span class='ocrx_word' id='word_1_156' title='bbox 1049 2145 1100 2205; x_wconf 86' lang='lat' dir='ltr'>st</span> <span class='ocrx_word' id='word_1_157' title='bbox 1101 2179 1113 2187; x_wconf 96' lang='lat'><em>-</em></span> 
     </span>
     <span class='ocr_line' id='line_1_22' title="bbox 97 2226 1112 2313; baseline -0.001 -19"><span class='ocrx_word' id='word_1_158' title='bbox 97 2234 155 2294; x_wconf 81' lang='lat' dir='ltr'>tuo</span> <span class='ocrx_word' id='word_1_159' title='bbox 174 2228 257 2293; x_wconf 91' lang='lat' dir='ltr'>nihil</span> <span class='ocrx_word' id='word_1_160' title='bbox 274 2229 339 2292; x_wconf 90' lang='lat' dir='ltr'>nisi</span> <span class='ocrx_word' id='word_1_161' title='bbox 356 2228 427 2313; x_wconf 91' lang='lat' dir='ltr'>hoc,</span> <span class='ocrx_word' id='word_1_162' title='bbox 446 2231 576 2292; x_wconf 87' lang='lat' dir='ltr'>senatus</span> <span class='ocrx_word' id='word_1_163' title='bbox 595 2231 652 2291; x_wconf 86' lang='lat' dir='ltr'>aut</span> <span class='ocrx_word' id='word_1_164' title='bbox 669 2227 782 2310; x_wconf 92' lang='lat' dir='ltr'>populi</span> <span class='ocrx_word' id='word_1_165' title='bbox 800 2226 941 2291; x_wconf 85' lang='lat' dir='ltr'>Romani</span> <span class='ocrx_word' id='word_1_166' title='bbox 958 2229 1112 2293; x_wconf 87' lang='lat' dir='ltr'>iudicium</span> 
     </span>
     <span class='ocr_line' id='line_1_23' title="bbox 97 2315 1113 2400; baseline 0 -19"><span class='ocrx_word' id='word_1_167' title='bbox 97 2339 168 2381; x_wconf 89' lang='lat' dir='ltr'>esse</span> <span class='ocrx_word' id='word_1_168' title='bbox 191 2317 229 2381; x_wconf 90' lang='lat' dir='ltr'>de</span> <span class='ocrx_word' id='word_1_169' title='bbox 251 2316 293 2380; x_wconf 92' lang='lat' dir='ltr'>iis</span> <span class='ocrx_word' id='word_1_170' title='bbox 312 2315 445 2398; x_wconf 89' lang='lat' dir='ltr'>civibus,</span> <span class='ocrx_word' id='word_1_171' title='bbox 469 2316 525 2399; x_wconf 92' lang='lat' dir='ltr'>qui</span> <span class='ocrx_word' id='word_1_172' title='bbox 542 2319 724 2400; x_wconf 71' lang='lat' dir='ltr'>pugnantes</span> <span class='ocrx_word' id='word_1_173' title='bbox 742 2337 809 2379; x_wconf 93' lang='lat' dir='ltr'>non</span> <span class='ocrx_word' id='word_1_174' title='bbox 826 2316 1017 2380; x_wconf 86' lang='lat' dir='ltr'>interierint.</span> <span class='ocrx_word' id='word_1_175' title='bbox 1055 2316 1113 2381; x_wconf 73' lang='lat' dir='ltr'>‘Ar</span> 
     </span>
     <span class='ocr_line' id='line_1_24' title="bbox 96 2403 1113 2490; baseline 0.001 -21"><span class='ocrx_word' id='word_1_176' title='bbox 96 2406 160 2471; x_wconf 94' lang='lat' dir='ltr'>hoc</span> <span class='ocrx_word' id='word_1_177' title='bbox 186 2404 315 2490; x_wconf 88' lang='lat' dir='ltr'>ipsum’,</span> <span class='ocrx_word' id='word_1_178' title='bbox 343 2404 485 2488; x_wconf 86' lang='lat' dir='ltr'>inquies,</span> <span class='ocrx_word' id='word_1_179' title='bbox 513 2403 635 2487; x_wconf 77' lang='lat' dir='ltr'>‘inique</span> <span class='ocrx_word' id='word_1_180' title='bbox 656 2403 751 2487; x_wconf 85' lang='lat' dir='ltr'>facis,</span> <span class='ocrx_word' id='word_1_181' title='bbox 780 2404 837 2486; x_wconf 91' lang='lat' dir='ltr'>qui</span> <span class='ocrx_word' id='word_1_182' title='bbox 859 2403 989 2468; x_wconf 86' lang='lat' dir='ltr'>hostilis</span> <span class='ocrx_word' id='word_1_183' title='bbox 1014 2404 1113 2470; x_wconf 89' lang='lat' dir='ltr'>animi</span> 
     </span>
     <span class='ocr_line' id='line_1_25' title="bbox 97 2491 1114 2576; baseline 0 -19"><span class='ocrx_word' id='word_1_184' title='bbox 97 2495 134 2558; x_wconf 92' lang='lat' dir='ltr'>in</span> <span class='ocrx_word' id='word_1_185' title='bbox 160 2514 229 2557; x_wconf 90' lang='lat' dir='ltr'>rem</span> <span class='ocrx_word' id='word_1_186' title='bbox 251 2492 414 2576; x_wconf 88' lang='lat' dir='ltr'>publicam</span> <span class='ocrx_word' id='word_1_187' title='bbox 441 2492 588 2556; x_wconf 89' lang='lat' dir='ltr'>homines</span> <span class='ocrx_word' id='word_1_188' title='bbox 617 2491 701 2556; x_wconf 84' lang='lat' dir='ltr'>cives</span> <span class='ocrx_word' id='word_1_189' title='bbox 726 2491 889 2575; x_wconf 65' lang='lat' dir='ltr'>appelles?</span> <span class='ocrx_word' id='word_1_190' title='bbox 934 2491 1038 2557; x_wconf 88' lang='lat' dir='ltr'>Immo</span> <span class='ocrx_word' id='word_1_191' title='bbox 1066 2494 1114 2557; x_wconf 92' lang='lat' dir='ltr'>iu-</span> 
     </span>
     <span class='ocr_line' id='line_1_26' title="bbox 55 2580 1113 2665; baseline -0.002 -18"><span class='ocrx_word' id='word_1_192' title='bbox 55 2607 83 2649; x_wconf 73' lang='lat' dir='ltr'>ss</span> <span class='ocrx_word' id='word_1_193' title='bbox 98 2581 250 2646; x_wconf 81' lang='lat' dir='ltr'>ctissime.</span> <span class='ocrx_word' id='word_1_194' title='bbox 288 2580 381 2657; x_wconf 84' lang='lat' dir='ltr'>Quod</span> <span class='ocrx_word' id='word_1_195' title='bbox 403 2580 489 2644; x_wconf 90' lang='lat' dir='ltr'>enim</span> <span class='ocrx_word' id='word_1_196' title='bbox 510 2580 653 2644; x_wconf 93' lang='lat' dir='ltr'>nondum</span> <span class='ocrx_word' id='word_1_197' title='bbox 677 2583 806 2643; x_wconf 86' lang='lat' dir='ltr'>senatus</span> <span class='ocrx_word' id='word_1_198' title='bbox 831 2581 955 2645; x_wconf 88' lang='lat' dir='ltr'>censuit</span> <span class='ocrx_word' id='word_1_199' title='bbox 976 2603 1036 2646; x_wconf 89' lang='lat' dir='ltr'>nec</span> <span class='ocrx_word' id='word_1_200' title='bbox 1058 2604 1113 2665; x_wconf 90' lang='lat' dir='ltr'>po·</span> 
     </span>
     <span class='ocr_line' id='line_1_27' title="bbox 97 2667 1112 2753; baseline 0 -19"><span class='ocrx_word' id='word_1_201' title='bbox 97 2669 195 2753; x_wconf 92' lang='lat' dir='ltr'>pulus</span> <span class='ocrx_word' id='word_1_202' title='bbox 222 2668 388 2732; x_wconf 87' lang='lat' dir='ltr'>Romanus</span> <span class='ocrx_word' id='word_1_203' title='bbox 415 2668 525 2753; x_wconf 88' lang='lat' dir='ltr'>iussit,</span> <span class='ocrx_word' id='word_1_204' title='bbox 554 2667 588 2731; x_wconf 94' lang='lat' dir='ltr'>id</span> <span class='ocrx_word' id='word_1_205' title='bbox 616 2667 808 2752; x_wconf 83' lang='lat' dir='ltr'>adroganter</span> <span class='ocrx_word' id='word_1_206' title='bbox 834 2690 901 2732; x_wconf 93' lang='lat' dir='ltr'>non</span> <span class='ocrx_word' id='word_1_207' title='bbox 930 2669 1112 2752; x_wconf 88' lang='lat' dir='ltr'>praeiudico</span> 
     </span>
     <span class='ocr_line' id='line_1_28' title="bbox 97 2720 1113 2909; baseline 0.001 -88"><span class='ocrx_word' id='word_1_208' title='bbox 97 2779 203 2842; x_wconf 89' lang='lat' dir='ltr'>neque</span> <span class='ocrx_word' id='word_1_209' title='bbox 229 2778 343 2821; x_wconf 88' lang='lat' dir='ltr'>revoco</span> <span class='ocrx_word' id='word_1_210' title='bbox 370 2755 411 2821; x_wconf 85' lang='lat' dir='ltr'>ad</span> <span class='ocrx_word' id='word_1_211' title='bbox 433 2720 605 2820; x_wconf 88' lang='lat' dir='ltr'>arbitrium</span> <span class='ocrx_word' id='word_1_212' title='bbox 626 2777 741 2819; x_wconf 88' lang='lat' dir='ltr'>meum</span> <span class='ocrx_word' id='word_1_213' title='bbox 787 2753 873 2819; x_wconf 94' lang='lat' dir='ltr'>Illud</span> <span class='ocrx_word' id='word_1_214' title='bbox 896 2757 1028 2909; x_wconf 84' lang='lat' dir='ltr'>quidem</span> <span class='ocrx_word' id='word_1_215' title='bbox 1047 2780 1113 2822; x_wconf 91' lang='lat' dir='ltr'>non</span> 
     </span>
     <span class='ocr_line' id='line_1_29' title="bbox 98 2843 1114 2931; baseline -0.001 -21"><span class='ocrx_word' id='word_1_216' title='bbox 98 2850 205 2931; x_wconf 86' lang='lat' dir='ltr'>muto,</span> <span class='ocrx_word' id='word_1_217' title='bbox 229 2844 365 2928; x_wconf 92' lang='lat' dir='ltr'>quod</span> <span class='ocrx_word' id='word_1_218' title='bbox 338 2867 377 2930; x_wconf 91' lang='grc' dir='ltr'>ιι,</span> <span class='ocrx_word' id='word_1_219' title='bbox 400 2865 496 2928; x_wconf 90' lang='lat' dir='ltr'>quem</span> <span class='ocrx_word' id='word_1_220' title='bbox 518 2866 570 2908; x_wconf 90' lang='lat' dir='ltr'>me</span> <span class='ocrx_word' id='word_1_221' title='bbox 593 2843 736 2907; x_wconf 82' lang='grc' dir='ltr'>οιοιιιιιι</span> <span class='ocrx_word' id='word_1_222' title='bbox 758 2865 809 2908; x_wconf 80' lang='grc' dir='ltr'>ιιι</span> <span class='ocrx_word' id='word_1_223' title='bbox 833 2865 899 2909; x_wconf 90' lang='lat' dir='ltr'>non</span> <span class='ocrx_word' id='word_1_224' title='bbox 922 2845 1037 2930; x_wconf 78' lang='lat' dir='ltr'>coegit,</span> <span class='ocrx_word' id='word_1_225' title='bbox 1060 2867 1114 2910; x_wconf 89' lang='lat' dir='ltr'>ne-</span> 
     </span>
     <span class='ocr_line' id='line_1_30' title="bbox 99 2924 1114 3084; baseline -0.002 -86"><span class='ocrx_word' id='word_1_226' title='bbox 99 2956 162 3018; x_wconf 90' lang='lat' dir='ltr'>que</span> <span class='ocrx_word' id='word_1_227' title='bbox 191 2933 362 2998; x_wconf 88' lang='lat' dir='ltr'>crudeliter</span> <span class='ocrx_word' id='word_1_228' title='bbox 390 2933 562 3016; x_wconf 87' lang='lat' dir='ltr'>quicquam</span> <span class='ocrx_word' id='word_1_229' title='bbox 589 2924 701 3014; x_wconf 89' lang='lat' dir='ltr'>eripui</span> <span class='ocrx_word' id='word_1_230' title='bbox 718 2953 836 3084; x_wconf 71' lang='lat' dir='ltr'>nequee</span> <span class='ocrx_word' id='word_1_231' title='bbox 847 2932 1004 2997; x_wconf 88' lang='lat' dir='ltr'>dissolute</span> <span class='ocrx_word' id='word_1_232' title='bbox 1028 2935 1114 3016; x_wconf 92' lang='lat' dir='ltr'>quic-</span> 
     </span>
     <span class='ocr_line' id='line_1_31' title="bbox 54 3020 1114 3106; baseline -0.005 -17"><span class='ocrx_word' id='word_1_233' title='bbox 54 3050 84 3089; x_wconf 82' lang='grc' dir='ltr'>ιο</span> <span class='ocrx_word' id='word_1_234' title='bbox 99 3029 198 3106; x_wconf 83' lang='lat' dir='ltr'>quam</span> <span class='ocrx_word' id='word_1_235' title='bbox 220 3022 330 3085; x_wconf 88' lang='lat' dir='ltr'>remisi</span> <span class='ocrx_word' id='word_1_236' title='bbox 351 3021 542 3104; x_wconf 90' lang='lat' dir='ltr'>habuique</span> <span class='ocrx_word' id='word_1_237' title='bbox 532 3043 568 3084; x_wconf 90' lang='grc' dir='ltr'>ιιι</span> <span class='ocrx_word' id='word_1_238' title='bbox 586 3041 657 3084; x_wconf 87' lang='lat' dir='ltr'>mea</span> <span class='ocrx_word' id='word_1_239' title='bbox 674 3023 733 3103; x_wconf 89' lang='lat' dir='ltr'>pot</span> <span class='ocrx_word' id='word_1_240' title='bbox 734 3023 818 3084; x_wconf 88' lang='lat' dir='ltr'>estat</span> <span class='ocrx_word' id='word_1_241' title='bbox 819 3021 973 3106; x_wconf 73' lang='lat' dir='ltr'>qquoad</span> <span class='ocrx_word' id='word_1_242' title='bbox 991 3020 1114 3084; x_wconf 91' lang='lat' dir='ltr'>bellum</span> 
     </span>
     <span class='ocr_line' id='line_1_32' title="bbox 97 3071 1114 3260; baseline -0.003 -86"><span class='ocrx_word' id='word_1_243' title='bbox 97 3110 171 3175; x_wconf 83' lang='lat' dir='ltr'>fuit.</span> <span class='ocrx_word' id='word_1_244' title='bbox 208 3107 314 3174; x_wconf 88' lang='lat' dir='ltr'>Multo</span> <span class='ocrx_word' id='word_1_245' title='bbox 279 3109 486 3260; x_wconf 88' lang='lat' dir='ltr'>tequidem</span> <span class='ocrx_word' id='word_1_246' title='bbox 507 3109 675 3173; x_wconf 87' lang='lat' dir='ltr'>honestius</span> <span class='ocrx_word' id='word_1_247' title='bbox 698 3108 814 3193; x_wconf 86' lang='lat' dir='ltr'>iudice,</span> <span class='ocrx_word' id='word_1_248' title='bbox 835 3071 1004 3192; x_wconf 85' lang='lat' dir='ltr'>inagisque</span> <span class='ocrx_word' id='word_1_249' title='bbox 1028 3108 1114 3191; x_wconf 90' lang='lat' dir='ltr'>quod</span> 
     </span>
     <span class='ocr_line' id='line_1_33' title="bbox 97 3196 1113 3282; baseline -0.002 -20"><span class='ocrx_word' id='word_1_250' title='bbox 97 3197 270 3263; x_wconf 88' lang='lat' dir='ltr'>concedere</span> <span class='ocrx_word' id='word_1_251' title='bbox 292 3198 396 3282; x_wconf 88' lang='lat' dir='ltr'>possit</span> <span class='ocrx_word' id='word_1_252' title='bbox 419 3219 470 3261; x_wconf 89' lang='lat' dir='ltr'>res</span> <span class='ocrx_word' id='word_1_253' title='bbox 492 3197 631 3281; x_wconf 87' lang='lat' dir='ltr'>publica,</span> <span class='ocrx_word' id='word_1_254' title='bbox 653 3196 846 3261; x_wconf 89' lang='lat' dir='ltr'>miserorum</span> <span class='ocrx_word' id='word_1_255' title='bbox 864 3197 931 3260; x_wconf 90' lang='lat' dir='ltr'>fort</span> <span class='ocrx_word' id='word_1_256' title='bbox 917 3200 1028 3260; x_wconf 86' lang='lat' dir='ltr'>tunam</span> <span class='ocrx_word' id='word_1_257' title='bbox 1046 3217 1113 3260; x_wconf 91' lang='lat' dir='ltr'>non</span> 
     </span>
     <span class='ocr_line' id='line_1_34' title="bbox 97 3283 1113 3369; baseline -0.002 -19"><span class='ocrx_word' id='word_1_258' title='bbox 97 3286 251 3351; x_wconf 84' lang='lat' dir='ltr'>insectari</span> <span class='ocrx_word' id='word_1_259' title='bbox 279 3307 375 3369; x_wconf 91' lang='lat' dir='ltr'>quam</span> <span class='ocrx_word' id='word_1_260' title='bbox 402 3285 528 3350; x_wconf 88' lang='lat' dir='ltr'>infinite</span> <span class='ocrx_word' id='word_1_261' title='bbox 556 3285 699 3349; x_wconf 86' lang='lat' dir='ltr'>tribucre</span> <span class='ocrx_word' id='word_1_262' title='bbox 727 3283 930 3368; x_wconf 89' lang='lat' dir='ltr'>potentibus,</span> <span class='ocrx_word' id='word_1_263' title='bbox 959 3305 1039 3367; x_wconf 90' lang='lat' dir='ltr'>quac</span> <span class='ocrx_word' id='word_1_264' title='bbox 1061 3306 1113 3348; x_wconf 93' lang='lat' dir='ltr'>cu·</span> 
     </span>
    </p>

    <p class='ocr_par' dir='ltr' id='par_1_7' title="bbox 97 3371 1148 3525">
     <span class='ocr_line' id='line_1_35' title="bbox 97 3371 1148 3525; baseline -0.002 -86"><span class='ocrx_word' id='word_1_265' title='bbox 97 3375 270 3458; x_wconf 87' lang='lat' dir='ltr'>piditatem</span> <span class='ocrx_word' id='word_1_266' title='bbox 298 3377 330 3438; x_wconf 90' lang='grc' dir='ltr'>ιι</span> <span class='ocrx_word' id='word_1_267' title='bbox 336 3373 525 3525; x_wconf 55' lang='grc' dir='ltr'>ιιιιοὲιιιι</span> <span class='ocrx_word' id='word_1_268' title='bbox 516 3396 581 3437; x_wconf 87' lang='lat' dir='ltr'>ram</span> <span class='ocrx_word' id='word_1_269' title='bbox 609 3373 776 3437; x_wconf 88' lang='lat' dir='ltr'>incendere</span> <span class='ocrx_word' id='word_1_270' title='bbox 803 3371 939 3455; x_wconf 87' lang='lat' dir='ltr'>possint</span> <span class='ocrx_word' id='word_1_271' title='bbox 987 3371 1088 3448; x_wconf 84' lang='lat' dir='ltr'>Qua</span> <span class='ocrx_word' id='word_1_272' title='bbox 1078 3391 1148 3438; x_wconf 79' lang='lat' dir='ltr'>rna</span> 
     </span>
    </p>
   </div>
   <div class='ocr_carea' id='block_1_6' title="bbox 55 3459 1113 3548">
    <p class='ocr_par' dir='ltr' id='par_1_8' title="bbox 55 3459 1113 3548">
     <span class='ocr_line' id='line_1_36' title="bbox 55 3459 1113 3548; baseline -0.004 -19"><span class='ocrx_word' id='word_1_273' title='bbox 55 3489 82 3529; x_wconf 76' lang='grc' dir='ltr'>ιι</span> <span class='ocrx_word' id='word_1_274' title='bbox 97 3487 143 3548; x_wconf 87' lang='grc' dir='ltr'>ιι,</span> <span class='ocrx_word' id='word_1_275' title='bbox 167 3461 290 3547; x_wconf 77' lang='lat' dir='ltr'>Cicero,</span> <span class='ocrx_word' id='word_1_276' title='bbox 311 3461 361 3527; x_wconf 79' lang='grc' dir='ltr'>ιιι</span> <span class='ocrx_word' id='word_1_277' title='bbox 385 3465 443 3545; x_wconf 89' lang='lat' dir='ltr'>opt</span> <span class='ocrx_word' id='word_1_278' title='bbox 444 3462 507 3525; x_wconf 90' lang='lat' dir='ltr'>ime</span> <span class='ocrx_word' id='word_1_279' title='bbox 526 3463 623 3546; x_wconf 89' lang='lat' dir='ltr'>atque</span> <span class='ocrx_word' id='word_1_280' title='bbox 641 3461 815 3525; x_wconf 90' lang='lat' dir='ltr'>fortissime</span> <span class='ocrx_word' id='word_1_281' title='bbox 834 3459 979 3543; x_wconf 87' lang='lat' dir='ltr'>mihique</span> <span class='ocrx_word' id='word_1_282' title='bbox 996 3461 1113 3526; x_wconf 89' lang='lat' dir='ltr'>merito</span> 
     </span>
    </p>
   </div>
   <div class='ocr_carea' id='block_1_7' title="bbox 0 0 1284 3880">
    <p class='ocr_par' dir='ltr' id='par_1_9' title="bbox 0 0 1284 3880">
     <span class='ocr_line' id='line_1_37' title="bbox 0 0 1284 3880; baseline 0 0"><span class='ocrx_word' id='word_1_283' title='bbox 0 0 1284 3880; x_wconf 95' lang='lat' dir='ltr'> </span> 
     </span>
    </p>
   </div>
  </div>
 </body>
</html>
