2616 3884
305 139 580 194 unsrumnun
596 140 646 193 no
666 140 829 196 Aruroon
847 141 887 195 rx
905 119 982 196 24³.
1066 122 1068 128 ’
1097 142 1161 206 257

143 278 212 366 sin,
234 302 309 345 cum
327 285 473 370 potuero,
494 305 562 348 non
579 305 706 369 venero,
728 289 800 348 tum
818 285 881 349 erit
898 285 1058 370 inimicus,
1077 287 1163 369 quod

142 389 204 454 ego
227 390 355 435 non-eo
378 393 499 458 vereor,
520 393 562 438 ne
585 372 665 436 mihi
688 377 802 436 noceat
827 372 920 462 (quid
941 375 1027 437 enim
1045 374 1162 438 faciet?

203 492 275 568 ‘ng
299 491 329 557 δ’
358 492 426 559 ἐστὶ
450 495 572 572 δοῦλος
595 503 656 560 τοῦ
679 501 800 560 θανεῖν
824 497 986 580 ἄφροντις
1009 494 1107 584 dios),

145 632 201 698 sed
225 634 301 718 quia
323 634 445 720 ingrati
468 635 567 698 animi
591 635 712 700 crimen
734 635 860 701 horreo.
903 633 1038 702 Confido
1061 636 1163 722 igitur

117 720 320 786 eadventum
341 727 490 787 nostrum
509 723 567 807 illi,
587 745 717 807 quoquo
736 728 883 808 tempore
901 725 1009 808 firerit,
1032 729 1069 788 ut
1089 726 1162 790 scri-

145 809 209 894 bis,
231 809 430 894 ἀσμενιστὸν
452 811 529 875 fore.
575 809 669 895 Nem,
692 808 778 896 quod
802 813 911 898 aia-si
932 812 986 877 hic
1009 816 1162 897 tempera-

144 897 212 961 tius
243 898 358 984 egerit,
390 899 621 964 consideratius
651 899 821 965 consilium
854 905 886 965 te
909 900 1073 985 daturum,
1106 902 1163 985 qui

143 985 198 1050 hic
222 990 329 1069 potest
352 1008 386 1052 se
413 1008 524 1072 gerere
549 1009 617 1052 non
639 987 784 1072 perdite?
821 987 913 1075 Vita,
939 1011 1060 1073 mores,
1088 993 1163 1054 ante

143 1073 243 1157 facta,
270 1074 364 1139 ratio·
379 1076 520 1160 suscepti
542 1077 679 1160 negotii,
704 1077 792 1162 socii,
815 1077 899 1142 vires
923 1077 1084 1142 bonorum
1107 1081 1163 1142 aut

103 1188 130 1227 ιο
145 1162 244 1226 etiam
266 1164 448 1228 constantia
470 1169 558 1246 coqet.

211 1249 354 1315 Vixdum
378 1252 550 1335 epistulam
574 1255 663 1316 tuam
686 1252 837 1337 legeram,
860 1275 933 1317 cum
957 1253 997 1316 ad
1019 1275 1070 1318 me
1093 1276 1162 1317 cur·
1181 1269 1196 1316 3

143 1359 219 1404 rens
246 1339 286 1402 ad
308 1339 402 1404 illum
424 1339 599 1405 Postumus
622 1338 755 1404 Curtius
779 1341 867 1404 venit
889 1341 974 1404 nihil
996 1342 1061 1406 nisi
1084 1342 1162 1406 clas-

143 1447 195 1491 ses
218 1426 354 1511 loquens
379 1432 411 1492 et
429 1429 597 1494 exercitus.
635 1428 805 1512 Eripiebet
823 1427 1008 1512 Hispanias,
1032 1430 1162 1494 tenebat

143 1513 271 1598 Asiam,
309 1515 467 1603 Siciliam,
504 1515 660 1598 Africam,
698 1515 893 1599 Sardiniam,
926 1517 1097 1582 confestim
1128 1518 1163 1580 in

102 1630 129 1669 15
146 1601 312 1668 Graeciam
334 1605 595 1688 persequebatur.
634 1604 787 1668 Eundum
809 1603 992 1690 igiturest,
1014 1627 1072 1668 nec
1095 1609 1162 1668 tam

144 1695 183 1755 ut
211 1691 289 1756 belli
317 1713 415 1775 quam
442 1696 479 1756 ut
502 1693 597 1777 fugae
622 1693 701 1757 socii
724 1692 832 1756 simus.
879 1691 947 1755 Nec
970 1693 1055 1756 enim
1078 1693 1161 1756 ferre

143 1783 259 1862 potero
287 1801 450 1844 sermones
478 1780 630 1864 istorum,
658 1780 851 1864 quicumque
875 1784 965 1865 sunt3
996 1802 1063 1844 non
1086 1784 1161 1844 sunt

144 1868 231 1932 enim
253 1871 348 1951 certe,
371 1872 408 1932 ut
432 1869 643 1953 appellantur,
666 1868 753 1932 boni.
792 1865 853 1932 sed
877 1871 985 1931 tamen
1002 1867 1035 1931 id
1054 1867 1162 1950 ipsum

145 1955 226 2019 scire
249 1956 358 2042 cupio,
388 1955 466 2040 quid
488 1957 673 2041 loquantur,
695 1956 791 2039 idque
814 1960 851 2020 ut
875 1955 1024 2041 exquiras
1047 1977 1162 2039 meque

104 2070 131 2109 ao
144 2043 314 2108 certiorem
331 2045 439 2129 facias,
463 2047 495 2108 te
515 2045 719 2110 vehementer
738 2064 826 2128 rogo.
863 2043 933 2108 Nos
953 2044 1067 2129 adhuc,
1085 2044 1163 2127 quid

17 2127 18 2136 ’
143 2129 298 2196 Brundisi
325 2138 432 2197 actum
460 2137 558 2219 esset,
583 2133 679 2215 plane
705 2132 934 2196 nesciebamus.
981 2129 1063 2196 Cum
1087 2133 1162 2196 scie-

143 2240 232 2305 mus,
264 2223 336 2284 tum
363 2243 402 2285 ex
429 2241 465 2285 re
492 2224 524 2286 et
552 2242 593 2284 ex-
618 2226 762 2304 tempore
791 2220 963 2285 consilium
990 2221 1163 2306 capiemus,

144 2307 201 2373 sed
223 2312 353 2372 utemur
375 2314 442 2374 tuo.

628 2482 685 2548 IH.

105 2615 131 2656 a
335 2605 391 2660 sa.
408 2604 530 2660 ramea
554 2605 616 2659 Vn
629 2605 674 2659 re.
690 2605 776 2660 Mart.
792 2566 817 2658 a.
834 2609 889 2660 705
907 2609 976 2674 (49).
1002 2646 1004 2650 .

450 2727 595 2784 CICERO
612 2727 758 2782 ATTICO
776 2727 859 2784 SAL.
901 2728 905 2732 ’

212 2835 338 2901 Domiti
369 2835 456 2901 filius
488 2836 619 2901 transiit
650 2835 796 2900 Formias
828 2855 891 2902 vm
922 2835 999 2900 Idus
1033 2850 1198 2900 currensr

145 2923 187 2990 ad
215 2927 352 2989 matrem
378 2922 550 3009 Neapolim
580 2924 724 3008 mihique
753 2925 896 2989 nuntiari
919 2924 1015 2988 iussit
1039 2927 1164 3007 patrem

145 3012 187 3076 ad
213 3013 327 3084 urbem
355 3034 438 3098 esse,
469 3035 542 3078 cum
570 3012 608 3076 de
636 3034 673 3077 eo
702 3014 827 3078 curiose
850 3013 1028 3096 quaesisset
1052 3033 1163 3076 servus

105 3127 132 3166 co
145 3103 258 3165 noster
285 3100 470 3185 Dionysius.
521 3099 591 3165 Nos
624 3105 732 3165 autem
760 3101 962 3166 audieramus
990 3122 1063 3164 eum
1090 3121 1162 3182 pro-

144 3190 267 3254 fectum
303 3189 370 3266 sive
407 3189 446 3253 ad
477 3189 667 3274 Pompeium
704 3189 770 3254 sive
808 3189 843 3252 in
874 3188 1075 3272 Hispaniam.
1125 3185 1162 3250 ld

146 3278 237 3342 cuius
265 3278 352 3342 modi
381 3278 437 3362 sit,
465 3278 545 3343 scire
574 3299 649 3342 sane
676 3277 780 3341 velim.
827 3275 912 3340 Nam
940 3275 1049 3357 adid,
1077 3273 1162 3357 quod

146 3366 303 3452 delibero,
330 3367 485 3450 pertinet,
514 3367 542 3430 ei
564 3366 619 3430 ille
643 3369 727 3430 certe
750 3387 911 3449 nusquam
933 3362 1089 3446 discessit,
1116 3362 1162 3424 in-

143 3453 298 3540 tellegere
322 3453 468 3522 Gnaeum
490 3476 556 3518 non
580 3475 649 3520 esse
672 3453 781 3518 faciles
804 3452 899 3517 nobis
924 3473 963 3515 ex
985 3449 1081 3513 Italia
1099 3449 1162 3512 exi-

200 3566 247 3609 Oic.
262 3567 328 3618 epar.
341 3569 372 3610 11.
967 3557 999 3604 17
