2564 3880
265 144 526 200 EPISTULARUM
543 146 594 202 AD
613 146 779 201 ATTICUM
797 148 862 201 XIV
881 155 959 202 6-8.
1057 150 1125 214 439

100 293 174 352 tum
198 288 238 351 ad
261 288 533 352 existimationem
561 293 594 352 et
622 289 828 374 dignitatem3
853 290 939 374 quod
971 291 1056 354 idem
1078 293 1126 355 in-

100 377 214 440 tellexi
245 377 306 440 tibi
330 376 439 441 videri.
487 375 641 461 Omnino,
673 378 702 440 si
732 399 806 462 ego,
836 382 874 441 ut
897 377 985 462 volo,
1015 401 1126 443 mense

101 463 259 540 Quinctili
282 465 318 527 in
342 462 521 549 Graeciam,
546 469 623 528 sunt
647 465 755 530 omnia
779 466 940 551 faciliora,
965 467 1029 552 sed,
1052 489 1125 531 eum

102 553 171 616 sint
193 574 231 616 ea
253 556 410 639 tempora,
432 556 470 615 ut
493 553 573 617 certi
595 553 680 616 nihil
698 575 768 617 esse
790 551 903 638 possit,
928 554 1006 638 quid
1027 554 1124 619 hone-

73 645 190 705 astum
212 639 295 703 mihi
318 640 375 724 sit,
403 640 483 723 quid
504 641 613 725 liceat,
637 640 715 724 quid
738 641 900 728 expediat,
928 664 1061 727 quaese,
1085 643 1126 707 da

100 750 247 812 operam,
274 733 311 792 ut
339 728 433 792 illum
456 750 554 811 quam
582 729 811 794 honestissime
839 730 1125 815 cop10s1ssimeque

100 821 259 968 tueaiiiiiic
280 907 313 967 et
336 907 450 988 cetera,
475 925 556 988 quae
580 905 621 968 ad
642 926 702 968 nos
726 905 946 990 pertinebunt,
969 909 1007 969 ut
1030 906 1125 991 soles,

99 992 262 1076 cogitabis
291 991 331 1056 ad
353 1014 468 1075 meque
496 995 565 1075 aut,
599 993 684 1076 quod
704 993 743 1056 ad
766 1015 835 1057 rem
857 994 1030 1078 pertineat,
1059 998 1125 1080 aut,

59 1107 85 1146 10
100 1081 129 1144 si
152 1080 238 1144 nihil
261 1079 331 1163 erit,
355 1080 442 1163 quod
465 1081 500 1144 in
523 1080 655 1144 buccam
679 1081 813 1167 venerit,
837 1082 966 1146 scribes.

566 1254 657 1321 VIII.

236 1375 293 1431 Ser.
308 1377 340 1430 a'u
358 1375 526 1431 Sinuessano
546 1377 644 1431 XVII
658 1376 695 1431 K.
713 1379 786 1432 Mai.
802 1395 828 1432 o.
844 1382 899 1433 710
919 1381 988 1446 (44).

406 1497 553 1554 CICERO
570 1498 718 1554 ATTIoo
736 1499 819 1554 SAL.

169 1607 219 1671 Tu
241 1629 292 1671 me
324 1606 389 1670 iam
416 1607 541 1689 rebare,
571 1627 645 1670 cum
677 1608 853 1693 scribebas,
884 1608 920 1672 in
947 1608 1027 1673 actis
1055 1627 1159 1674 essel

58 1723 85 1763 15
99 1696 238 1780 nostris,
270 1699 302 1759 et
334 1715 395 1778 ego
427 1695 536 1778 accepi
562 1711 637 1758 XVII
659 1695 731 1759 Kal.
759 1696 795 1759 in
827 1696 1044 1760 deversoriolo
1076 1695 1124 1760 si-

99 1805 262 1849 nuessano
293 1787 367 1846 tuas
399 1782 533 1847 litteras
579 1782 628 1846 De
656 1783 759 1847 Mario
788 1784 904 1869 probe,
936 1785 998 1848 etsi
1030 1784 1124 1848 doleo

100 1873 136 1936 L.
156 1870 267 1936 Crassi
294 1874 453 1954 nepotem.
500 1869 630 1968 Optime
656 1872 720 1935 iam
750 1872 849 1936 etiam
876 1871 979 1936 Bruto
1008 1875 1122 1936 nostro

100 1960 234 2044 probari
247 1957 437 2024 Antonium.
474 1957 569 2044 Nam,
588 1959 675 2042 quod
688 1959 816 2024 luniam
831 1960 945 2024 scribis
959 1959 1123 2024 moderate

100 2053 134 2112 et
159 2049 259 2127 amice
287 2047 424 2130 scriptas
452 2047 578 2111 litteras
603 2047 765 2132 attulisse,
792 2047 873 2112 mihi
899 2047 1020 2112 Paulus
1044 2048 1123 2112 dicit

58 2137 143 2202 acad
167 2158 201 2200 se
224 2158 243 2199 a
265 2136 364 2200 fratre
383 2135 513 2219 missas,
536 2135 654 2218 quibus
673 2137 709 2199 in
727 2137 878 2200 extremis
897 2140 966 2200 erat
986 2137 1049 2200 sibi
1072 2137 1123 2200 in-

101 2224 201 2288 sidias
228 2223 314 2307 fieri3
342 2245 376 2286 se
403 2223 437 2286 id
463 2223 559 2287 certis
587 2223 774 2288 auctoribus
803 2224 1005 2307 comperisse.
1050 2223 1124 2289 Hoc

100 2334 159 2376 nec
182 2311 263 2376 mihi
287 2311 437 2394 placebat
460 2315 492 2376 et
515 2311 619 2375 multo
642 2311 692 2376 illi
714 2312 831 2376 minus.
877 2311 1022 2396 Reginae
1044 2312 1124 2396 fuga

100 2400 184 2464 mihi
205 2421 272 2462 non
294 2399 433 2470 molesta
457 2403 514 2463 est.
561 2397 674 2464 Olodia
697 2399 776 2483 quid
798 2401 914 2486 egerit,
937 2400 1060 2464 scribas
1083 2400 1123 2464 ad

101 2510 153 2552 me
176 2487 282 2551 velim.
328 2486 377 2550 De
395 2486 561 2569 Byzantiis
585 2488 713 2552 curabis
735 2491 773 2551 ut
791 2492 897 2552 detera
919 2492 953 2551 et
969 2488 1123 2572 Pelopem

59 2601 87 2642 aa
102 2577 141 2640 ad
165 2579 199 2639 te
222 2596 369 2640 arcessas.
415 2575 497 2658 Ego,
521 2579 558 2638 ut
576 2577 732 2661 postulas,
750 2575 872 2640 Baiana
893 2577 1026 2660 negotia
1048 2577 1123 2642 cho-

101 2685 239 2746 rumque
262 2663 366 2748 illum,
389 2663 427 2726 de
451 2684 514 2746 quo
539 2663 620 2727 scire
643 2664 706 2748 via,
729 2685 803 2726 cum
825 2686 1029 2750 perspexero,
1051 2669 1123 2729 tum

102 2752 256 2835 scribam,
282 2772 323 2816 ne
347 2750 425 2834 quid
447 2751 586 2835 ignores.
633 2750 717 2824 Quid
740 2750 840 2835 Galli,
869 2752 946 2835 quid
972 2751 1157 2836 Hispania

102 2839 182 2923 quid
211 2837 328 2917 Sextus
359 2842 448 2922 agat,
479 2838 684 2902 vehementer
717 2843 875 2922 exspecto.
921 2840 972 2904 Ea
999 2841 1122 2906 scilieet

101 2931 139 2991 tu
158 2927 345 3011 declarabis,
364 2927 420 3010 qui
438 2930 551 2991 cetera.
588 2925 784 2991 Nauseolam
803 2928 866 2992 tibi
884 2932 975 2992 tuam
994 2951 1123 2993 causam

61 3042 88 3082 ao
103 3015 162 3080 otii
182 3015 307 3078 dedisse
325 3015 419 3079 facile
437 3015 592 3098 patiebar.
623 3014 783 3080 Videbare
802 3016 888 3080 enim
901 3016 982 3079 mihi
1000 3016 1123 3100 legenti

101 3107 176 3168 tuas
199 3102 327 3166 litteras
345 3103 506 3186 requiesse
525 3103 697 3186 paulisper.
743 3102 793 3167 De
811 3103 914 3167 Bruto
939 3126 1064 3186 semper
1082 3103 1123 3167 ad

101 3213 153 3255 me
186 3191 295 3256 omnia
321 3192 528 3276 perscribito,
559 3191 616 3256 ubi
644 3191 701 3276 sit,
733 3191 812 3275 quid
843 3191 973 3276 cogitet.
1020 3189 1122 3266 Quem

102 3279 232 3362 quidem
251 3299 310 3362 ego
329 3301 423 3362 spero
442 3280 507 3342 iam
525 3283 598 3344 tuto
617 3279 669 3342 vel
692 3279 798 3344 solum
821 3283 892 3344 tota
912 3279 992 3342 urbe
1010 3279 1124 3362 vagari

101 3389 205 3451 posse.
246 3366 370 3432 Verum
393 3371 501 3432 tamen
524 3404 575 3431 —.
