2564 3880
186 155 254 220 404
509 155 546 208 M.
566 153 674 208 TULLI
693 151 882 208 CICERONIS

187 297 358 381 Hortensi3
400 297 526 379 deinde,
561 297 637 379 quia
674 297 764 379 παρὰ
798 297 835 361 τὸ
866 294 997 379 πρέπον
1027 295 1210 379 videbatur,

189 387 275 470 quod
298 389 366 449 erat
384 385 570 449 hominibus
589 389 668 448 nota
686 406 754 448 non
772 383 829 448 illa
848 384 976 466 quidem
996 383 1209 466 ἀπαιδευσία,

189 475 246 538 sed
274 474 309 538 in
337 474 378 538 iis
409 473 505 537 rebus
535 473 686 556 ἀτριψία,
718 472 816 536 simul
845 493 881 536 ac
911 472 983 535 veni
1015 472 1057 535 ad
1087 473 1209 555 villam,

189 562 318 626 eosdem
345 561 420 625 illos
447 581 609 624 sermones
633 560 673 624 ad
698 558 851 624 Catonem
876 559 1082 642 Brutumque
1105 564 1209 623 trans-

188 651 258 713 tuli.
299 649 383 713 Ecce
405 654 481 713 tuae
503 649 631 712 litterae
654 647 693 710 de
716 647 870 712 Varrone.
908 645 1041 710 Nemini
1063 648 1137 712 visa
1160 653 1241 710 esta

154 737 297 820 ceptior
326 736 501 800 Antiochia
529 737 621 799 ratio.
669 733 732 799 Sed
759 738 869 799 tamen
897 736 995 798 velim
1019 735 1145 799 scribas
1170 737 1208 798 ad

189 848 253 909 me,
284 825 426 906 primum
456 824 622 907 placeatne
651 823 713 886 tibi
737 822 860 907 aliquid
883 823 1053 905 edilium,
1086 824 1207 908 deinde,

190 914 218 977 si
241 912 390 997 placebit,
412 912 515 976 hocne
537 911 753 995 potissimum.

256 999 361 1075 Quid?
403 996 539 1064 Servilia
567 999 674 1064 iamne
704 998 812 1064 venit?
849 997 971 1069 Brutus
1000 998 1117 1081 ecquid
1140 999 1207 1082 agit

190 1092 222 1152 et
252 1088 402 1171 quando?
439 1087 489 1151 De
512 1086 647 1151 Caesare
675 1087 754 1171 quid
781 1086 936 1150 auditur?
973 1086 1047 1170 Ego
1079 1087 1121 1150 ad
1143 1087 1238 1151 Nou

188 1196 262 1259 nas,
290 1197 384 1259 quem
412 1176 606 1240 admodum
628 1175 704 1238 dixi.
751 1175 800 1238 Tu
823 1196 896 1238 cum
918 1173 1051 1259 Pisone,
1080 1175 1110 1238 si
1133 1175 1206 1258 quid

190 1263 321 1346 poteris.

571 1435 677 1522 xvu,
700 1435 822 1501 xum.

351 1557 407 1613 Sor.
421 1560 454 1612 io
471 1558 607 1626 Arpinati
624 1558 681 1611 III
695 1558 732 1611 K.
751 1557 844 1627 Quint.
859 1575 885 1610 α.
902 1561 957 1611 709
977 1560 1046 1626 (45).

496 1680 641 1734 CICERO
660 1680 806 1734 ATTICO
824 1681 907 1735 SAL.
1215 1689 1234 1728 15

156 1808 170 1856 1
258 1808 281 1854 v
303 1789 376 1853 Kal.
400 1788 624 1872 exspectabam
646 1787 751 1852 Roma
775 1788 897 1870 aliquid
918 1789 1004 1853 novi.
1028 1787 1202 1871 ·Imperas·

193 1901 260 1942 sem
282 1878 385 1962 igitur
403 1876 527 1960 aliquid
545 1877 619 1940 tuis.
656 1875 753 1940 Nunc
772 1877 881 1940 eadem
899 1876 964 1959 illa,
988 1876 1069 1959 quid
1086 1877 1201 1940 Brutus

192 1966 327 2052 cogitet,
357 1968 427 2048 aut,
455 1965 484 2028 si
513 1964 637 2047 aliquid
665 1965 745 2048 egit,
774 1964 888 2048 ecquid
911 1987 930 2027 a
953 1962 1098 2029 Caesare.
1147 1963 1202 2028 Sed

148 2043 152 2056 ⁸
192 2054 270 2136 quid
293 2054 366 2137 ista,
391 2073 473 2136 quae
494 2053 602 2116 minus
626 2053 725 2116 curo?
761 2050 873 2116 Attica
895 2056 1008 2116 nostra
1027 2053 1106 2136 quid
1125 2055 1201 2136 agat,

193 2143 274 2206 scire
297 2141 400 2224 cupio.
436 2140 512 2204 Etsi
534 2145 609 2204 tuae
631 2140 759 2204 litterae
783 2137 854 2226 (sed
876 2141 941 2203 iem
963 2140 1062 2204 nimis
1086 2144 1232 2204 veterese

194 2227 283 2315 sunt)
320 2232 406 2292 recte
441 2250 569 2310 sperare
606 2228 733 2313 iubent,
769 2232 879 2292 tamen
915 2232 1066 2311 exspecto
1100 2248 1201 2292 recens

194 2316 323 2400 aliquid.

49 2422 185 2473 2(er11)
260 2403 373 2486 Vides,
405 2403 631 2487 propinquitas
660 2403 740 2487 quid
766 2403 892 2467 habeat.
940 2401 1010 2468 Ncs
1038 2425 1114 2468 vero
1138 2424 1202 2467 con-

193 2493 338 2555 ficiamus
368 2490 491 2555 hortos.
539 2489 701 2574 Conloqui
730 2491 931 2575 videbamur,
961 2491 997 2554 in
1027 2490 1200 2556 Tusculano

194 2600 267 2642 cum
296 2600 411 2662 essem3
441 2583 533 2643 tanta
566 2583 634 2643 erat
662 2579 817 2644 crebritas
847 2579 1040 2643 litterarum
1088 2579 1149 2644 Sed
1173 2577 1231 2641 idn

195 2666 325 2752 quidem
352 2667 418 2730 iam
447 2668 516 2731 crit.
562 2666 636 2751 Ego
665 2668 787 2731 interea
816 2667 983 2731 admonitu
1010 2671 1069 2732 tuo
1094 2665 1202 2750 perfeci

195 2775 271 2819 sane
308 2753 476 2838 argutulos
506 2755 609 2818 libros
639 2755 680 2818 ad
710 2754 903 2838 Varronem,
936 2755 991 2820 sed
1021 2760 1131 2819 tamen
1159 2775 1201 2817 ex-

195 2846 319 2924 specto,
350 2842 439 2924 quid·
456 2841 497 2905 ad
524 2865 574 2927 ea,
603 2864 684 2926 quae
713 2843 827 2926 scripsi
855 2842 895 2906 ad
918 2846 964 2928 te,
992 2843 1133 2926 primum
1154 2839 1202 2924 qui

194 2930 393 2994 intellexeris
416 2951 490 2992 eum
514 2930 693 2994 desiderare
717 2953 736 2994 a
759 2952 820 3014 me,
843 2951 916 2994 omn
939 2931 1008 3015 ipse
1031 2931 1129 2995 homo
1151 2951 1201 2994 rcc-

195 3019 454 3103 λυγραφώτατος
480 3040 658 3102 numquam
680 3041 732 3083 me
754 3019 949 3104 lacessisset3
979 3018 1094 3082 deinde
1118 3037 1232 3101 quomo

195 3111 392 3188 ζηλοτυπεῖν
413 3105 479 3169 cisi
498 3107 578 3186 forte
600 3107 752 3184 Brutum,
780 3128 869 3188 quem
891 3109 921 3172 si
943 3127 1006 3171 oon
1030 3111 1202 3189 ζηλοτυπεῖ,

194 3195 298 3258 multo
322 3193 535 3256 Hortensium
563 3195 671 3258 minus
703 3198 759 3258 aut
783 3216 852 3278 eos,
880 3195 936 3278 qui
960 3194 1000 3258 de
1024 3193 1203 3279 republica

195 3282 381 3364 loquuntur.
427 3279 527 3343 Plane
549 3280 611 3345 hoc
633 3281 715 3344 mihi
738 3282 877 3364 explices
900 3281 1012 3366 velim,
1043 3283 1078 3346 in
1101 3280 1202 3364 primis

195 3390 367 3432 maneasne
386 3369 421 3430 in
440 3368 608 3451 sententia,
631 3371 668 3430 ut
686 3369 815 3432 mittam
833 3368 874 3432 ad
892 3391 975 3455 eum,
989 3391 1071 3454 quae
1091 3368 1203 3451 scripsi,

195 3475 240 3518 an
260 3455 344 3519 nihil
366 3475 495 3520 necesse
517 3460 620 3538 putes.
668 3453 732 3519 Sed
753 3455 832 3520 haec
855 3478 970 3521 coram.
