2568 3888
157 141 204 204 44
484 141 523 196 M.
543 140 652 196 TULLI
671 140 861 196 CICEROMS

157 283 288 349 hercule
311 305 466 370 magnum
490 305 639 349 acervum
661 282 853 348 Dicaearchi
868 283 957 347 1111111
985 287 1061 348 ante
1088 283 1205 367 pedes
1278 294 1281 302 ⁴

160 377 390 437 exstruxeram.
444 370 471 436 Ο
503 394 657 458 magnum
687 372 866 456 hominem,
902 377 934 436 et
963 372 1048 436 unde
1078 371 1204 435 multo
1278 410 1281 448 ,

159 461 254 545 plura
277 461 425 525 didiceris
450 482 547 545 quam
571 461 609 524 de
627 460 782 525 Procilio!
806 463 1005 544 Κορινθίων
1024 463 1057 524 11
1080 459 1203 542 Ἀθη·
1280 527 1281 536 ,

160 552 266 614 ναίων
294 553 375 633 puto
405 570 458 613 me
487 548 610 614 Romae
639 549 768 613 habere.
818 548 901 612 Mihi
931 549 1082 630 †credes
1113 547 1203 634 lege
1280 590 1281 626 1

159 637 219 702 hec
243 638 340 702 doceo
364 636 523 701 mirabilis
547 637 678 702 vireat.
726 637 891 723 Ἡρώδης,
915 637 943 701 11
965 637 1063 701 homo
1090 640 1203 719 esset,
1237 658 1281 715 ⁵:

161 747 234 790 eum
257 727 368 809 potius
386 725 508 810 legeret
527 747 625 808 quarn
643 747 741 792 unam
759 725 904 789 litteram
923 725 1087 789 scriberet.
1122 723 1202 800 Qui
1280 766 1281 806 3

160 835 212 878 me
226 813 366 896 epistula
384 813 510 897 petivit,
534 812 573 878 ad
592 816 635 900 te,
657 818 696 877 ut
713 813 817 900 video,
840 815 1019 878 comminus
1039 813 1200 878 accessit.
1278 855 1281 894 ,

162 899 355 967 Coniurasse
369 901 499 965 mallem
513 923 611 985 quam
624 901 785 966 restitisse
800 902 1027 987 coniurationi,
1047 902 1074 965 si
1089 901 1201 966 illum
1278 898 1281 980 1

124 989 243 1057 31111111
266 989 460 1054 audiendum
488 990 664 1073 putassem.
710 989 760 1055 De
781 988 888 1054 Lollio
919 1012 1017 1055 sanus
1045 1011 1114 1054 non
1136 1011 1198 1074 cs,
1280 1035 1281 1070 3

163 1077 202 1142 de
223 1079 247 1162 †
268 1078 345 1142 rino
368 1077 474 1142 laudo.
1216 1101 1252 1140 ιο
1280 1143 1281 1160 ,

231 1165 294 1230 Sed
316 1166 397 1230 heus
420 1170 471 1252 tu,
498 1166 613 1250 ecquid
635 1165 724 1230 vides
748 1165 911 1231 Kalendas
935 1166 1058 1251 venire,
1080 1164 1197 1230 Anto·
1280 1179 1281 1248 ᾗ

160 1254 252 1317 nium
274 1275 342 1318 non
363 1254 494 1319 venire?
517 1255 638 1319 iudices
658 1255 751 1340 cogi?
797 1253 883 1318 Nam
906 1255 954 1319 111
977 1255 1018 1318 ad
1036 1275 1088 1318 me
1110 1255 1197 1318 mit·
1280 1253 1281 1336 ,

161 1345 246 1428 tunt,
268 1340 438 1427 Nigidium
457 1343 575 1407 minari
596 1343 632 1406 in
648 1343 799 1407 contione
819 1365 853 1408 11
869 1343 1018 1426 iudicem,
1042 1343 1197 1426 quinon
1280 1409 1281 1414 ,

161 1430 310 1516 adfuerit,
334 1431 611 1515 compellaturum.
643 1430 752 1496 Velim
770 1435 889 1518 tamen,
912 1432 940 1495 si
960 1431 1038 1515 quid
1063 1435 1122 1516 111,
1145 1431 1194 1496 de
1280 1477 1281 1504 ,

160 1516 287 1584 Antoni
301 1519 440 1584 adventu
455 1520 542 1603 quod
560 1519 708 1604 audieris,
732 1520 854 1584 scribas
878 1519 993 1583 adme
1017 1523 1058 1603 et,
1082 1540 1192 1604 quon·
1209 1541 1242 1582 15
1280 1541 1281 1564 ³

161 1607 227 1672 iam
250 1607 314 1672 huc
336 1629 403 1672 non
425 1608 526 1693 venis,
550 1629 641 1672 cenes
665 1607 750 1691 apud
772 1629 832 1673 nos
856 1608 970 1692 utique
988 1608 1093 1691 pridie
1111 1606 1191 1672 Kal.

163 1694 248 1761 Cave
271 1697 366 1761 aliter
388 1697 496 1760 facias.
544 1694 638 1782 Cura,
661 1700 698 1759 ut
721 1697 837 1761 valeas.

643 1871 699 1937 III.

384 1993 441 2049 Sor.
461 1995 500 2048 ad
517 1993 613 2048 villam
631 2011 665 2046 m.
684 1993 750 2048 Dec.
770 2011 796 2047 1.
817 1997 871 2048 694
892 1996 963 2062 (60).

486 2097 614 2154 CICERO
633 2097 765 2154 ATTICO
786 2098 860 2154 SAL.
1206 2125 1236 2165 20

125 2223 141 2272 1
228 2205 384 2293 Primum,
407 2211 444 2271 ut
468 2208 593 2294 opinor,
616 2206 801 2290 εὐαγγέλια.
837 2206 988 2272 Valerius
1012 2207 1188 2272 absolutus
1235 2242 1238 2248 Δ

161 2298 210 2358 111
232 2292 410 2360 Hortensio
436 2295 631 2360 defendente.
676 2295 716 2359 Id
738 2295 893 2360 iudicium
916 2295 994 2360 Auli
1017 2295 1087 2359 filio
1113 2318 1189 2361 con·
1259 2328 1261 2332 ·

163 2382 318 2448 donatum
340 2383 532 2468 putabatur,
557 2387 589 2448 11
608 2383 795 2466 Epicratem
818 2383 974 2468 suspicor,
997 2387 1035 2447 ut
1059 2384 1188 2468 scribis,

160 2470 319 2535 lascivum
341 2471 451 2536 fuisse.
496 2472 629 2536 Etenim
657 2472 738 2536 mihi
766 2472 888 2558 caligae
916 2472 985 2536 eius
1009 2475 1041 2536 et
1065 2471 1188 2537 fasciae

161 2562 302 2622 cretatae
320 2580 387 2622 non
405 2559 584 2644 placebant.
614 2557 698 2636 Quid
716 2561 768 2644 sit,
792 2561 938 2645 sciemus,
962 2581 1035 2624 cum
1048 2561 1230 2625 veneriam

124 2663 142 2712 2
229 2645 457 2711 Fenestrarum
486 2649 653 2733 angustias
683 2649 769 2733 quod
795 2648 1016 2732 reprehendis,
1046 2649 1188 2712 scitote

160 2735 280 2821 Κύρου
308 2736 463 2800 παιδείαν
490 2737 730 2819 reprehendere.
781 2735 880 2821 Nam,
908 2758 981 2801 oum
1010 2755 1070 2821 ego
1100 2737 1187 2801 idem

160 2822 247 2887 istuc
279 2823 430 2907 dicerem,
468 2820 572 2906 Cyrus
591 2825 713 2889 vaiebat
745 2825 973 2889 viridariorum
1009 2825 1188 2908 διαφάσεις

159 2909 237 2974 lutis
269 2911 448 2976 luminibus
480 2933 547 2976 non
579 2915 647 2976 tam
684 2934 753 2977 esse
785 2935 912 2998 suaves3
949 2913 1068 2976 etenim
1102 2916 1186 2978 ἔστω

161 3017 238 3093 ὄψις
256 3013 356 3100 μὲνὴ
379 3022 410 3100 o‘c,
429 3017 466 3081 τὸ
490 3013 528 3082 δὲ
547 3017 720 3104 ὁρώμενον
738 3023 769 3102 β,
788 3023 820 3103 ᾧ,
846 3019 977 3095 ἀκτῖνες
996 3014 1034 3084 δὲ
1052 3017 1145 3083 δκαὶ
1159 3023 1185 3082 a.
1200 3043 1227 3083 1ο
1280 3075 1281 3110 ,

159 3101 261 3168 Vides
284 3105 307 3186 †
330 3104 417 3168 enim
440 3109 555 3170 cetera.
601 3105 702 3193 Nam,
730 3108 759 3171 si
781 3107 852 3172 κατ’
880 3109 1030 3172 εἰδώλων
1059 3105 1187 3191 ἐμπτώ-

161 3209 231 3268 σεις
253 3193 449 3278 videremus,
476 3194 569 3258 valde
596 3194 783 3260 laborarent
807 3197 930 3261 aldeola
957 3196 992 3259 in
1015 3195 1186 3279 angustiis.

159 3277 257 3345 Nunc
285 3281 322 3345 fit
350 3281 456 3366 lepide
486 3282 543 3346 1111
567 3285 699 3367 ἔκχυσις
722 3283 896 3349 radiorum.
943 3281 1058 3348 Cetera
1086 3282 1115 3346 si
1139 3303 1186 3346 re

159 3369 384 3454 prehenderis,
410 3391 479 3435 non
505 3371 588 3435 feres
611 3372 762 3454 tacitum,
791 3373 857 3436 nisi
880 3371 1007 3455 siquid
1030 3371 1092 3435 erit
1115 3371 1185 3435 eius

159 3457 259 3542 modi,
283 3458 370 3541 quod
394 3459 463 3523 sine
487 3462 622 3543 sumptu
646 3459 766 3543 corrigi
789 3461 902 3542 possit.
1198 3483 1223 3524 rs
