2568 3888
263 138 522 193 EPISTULARUM
540 139 590 193 AD
609 138 772 196 ATTICUM
791 140 817 192 Π
836 144 861 208 9,
881 145 923 193 10.
1065 138 1108 202 53

83 303 169 365 qnos
203 281 329 368 volent,
366 284 528 368 consules,
561 283 710 348 tribunos
747 283 806 367 pL,
842 282 979 367 denique
1011 281 1109 346 etiam

83 369 203 434 Vatini
236 374 396 435 strumam
427 370 598 436 sacerdotii
629 372 762 459 ὃιβάφῳ
794 371 949 456 vestiant,
985 369 1108 434 videbis

84 458 351 543 brevi'tempore
372 479 508 544 magnos
531 481 598 523 non
620 460 716 523 modo
741 479 810 545 eos,
839 459 895 542 qui
924 457 1009 521 nihil
1030 458 1109 520 titu-

84 547 219 633 barunt,
242 546 298 611 sed
321 546 419 611 etiam
440 547 535 612 illum
551 547 669 634 ipsum,
692 547 749 631 qui
767 547 920 631 peccavit,
944 543 1107 610 Catonem.

58 632 174 701 aNam
196 656 259 699 nos
281 634 419 721 quidem,
443 636 471 700 si
488 656 546 720 per
564 636 664 699 istum
683 639 776 699 tuum
796 635 938 699 sodalem
955 633 1109 698 Publium
1127 653 1143 700 3

84 722 215 808 licebit,
240 724 452 807 σοφιστεύειν
475 724 670 808 cogitamus,
696 724 725 787 si
748 723 803 788 ille
825 723 948 808 cogitat
970 725 1109 805 tantum,

84 810 260 875 dumtaxat
281 831 342 875 nos
365 811 546 898 defendere,
573 816 619 898 et,
646 811 733 895 qnod
760 815 810 876 est
837 811 1006 896 proprium
1030 810 1109 874 artis

84 899 196 985 huius,
219 897 462 983 ἐπαγγέλλομαι

130 1037 245 1125 ‘tietdo'
271 1038 516 1126 ἀπαμύνεσθαι,
540 1041 594 1106 ὅτε
617 1064 668 1117 τις
690 1042 852 1126 πρότερος
874 1037 1062 1124 χαλεπήνῃ.’

48 1181 200 1247 10Patria
224 1180 366 1265 propitio
389 1180 441 1246 sit.
484 1181 594 1247 Habet
618 1204 636 1245 a
660 1180 764 1265 nobis,
786 1180 914 1245 etiamsi
936 1178 1109 1265 amplus,

86 1292 188 1353 quem
216 1269 362 1334 debitum
390 1273 453 1355 est,
480 1270 554 1353 plus
578 1274 676 1353 certe,
704 1291 801 1353 quam
823 1269 1026 1353 postulatum
1049 1271 1107 1332 est.

85 1358 175 1422 Male
207 1357 282 1421 vehi
310 1357 396 1422 malo
429 1357 493 1422 elio
521 1357 723 1443 gubernante
751 1379 848 1442 qnam
875 1360 943 1421 tem
969 1355 1107 1442 ingratis

85 1444 275 1511 vectoribus
289 1445 371 1511 bene
385 1446 572 1531 gubernare.
604 1443 668 1511 Sed
684 1445 764 1509 haec
777 1467 886 1510 coram
900 1445 1107 1510 commodius.
1126 1465 1144 1513 4

155 1532 253 1598 Nunc
272 1533 356 1620 audi,
379 1534 465 1618 quod
484 1533 620 1618 quaeris.
652 1532 790 1598 Antium
807 1555 858 1597 me
877 1555 915 1597 ex
934 1532 1107 1598 Formiano

49 1650 73 1690 1⁵
85 1623 231 1706 recipere
250 1622 359 1706 cogito
379 1645 406 1687 a.
425 1623 497 1687 dv
514 1620 626 1686 Nonas
648 1620 766 1706 Maias3
789 1620 890 1685 Antio
908 1621 983 1685 volo
1002 1618 1107 1684 Nonis

87 1711 185 1775 Maiis
208 1709 372 1794 proficisci
393 1711 428 1774 in
447 1710 674 1774 Tusculanum.
712 1707 783 1795 sed,
806 1732 878 1774 cum
899 1731 916 1772 e
935 1707 1107 1772 Formiano

87 1799 214 1863 rediero
237 1795 302 1884 (ibi
325 1819 394 1862 esse
416 1820 519 1882 usque
542 1798 582 1862 ed
604 1821 653 1881 pr.
676 1796 716 1863 K.
740 1797 843 1862 Maias
866 1795 970 1884 volo),
992 1797 1110 1860 faciam

88 1887 201 1951 statim
228 1889 263 1950 to
290 1886 468 1952 certiorem.
518 1886 669 1950 Terentia
700 1886 763 1950 tibi
791 1886 943 1972 salutem,
969 1882 1024 1949 καὶ
1047 1887 1109 1948 Κι-

87 1975 195 2062 κέρων
219 1974 238 2040 ὁ
262 1975 380 2059 μικρὸς
402 1973 578 2053 ἀσπάζεται
605 1977 705 2040 Τίτον
723 1973 914 2058 Ἀθηναῖον.

50 2251 74 2288 ao
581 2219 620 2286 X.

227 2341 287 2397 Ser.
306 2341 338 2394 ia
355 2340 434 2409 Appi
451 2341 527 2396 Foro
546 2341 617 2395 XII
630 2341 668 2395 K.
688 2342 758 2411 Apr.
778 2361 803 2396 α.
825 2346 880 2397 695
899 2345 969 2412 (59).

414 2462 543 2520 CICERO
562 2464 695 2520 ATTICO
715 2454 789 2520 SAL.

154 2572 243 2638 Volo
262 2593 350 2636 ames
364 2593 468 2636 meam
483 2574 709 2639 constantiam.
743 2572 851 2638 Ludos
865 2573 946 2638 Anti
965 2579 1109 2657 spectare

89 2684 155 2726 non
177 2661 299 2745 placet3
325 2663 374 2724 est
398 2661 483 2724 enim
505 2661 740 2746 ὑποσάλοικον,
764 2684 863 2747 quom
885 2662 983 2728 velim
1005 2663 1108 2726 vitare

52 2777 75 2816 a
89 2750 235 2816 omnium
256 2748 444 2812 deliciarum
462 2747 688 2837 suspicionem,
710 2754 841 2834 repente
860 2749 1108 2835 concalescere

89 2860 154 2902 non
182 2837 292 2902 solum
319 2837 465 2920 delicate,
493 2837 550 2901 sed
577 2837 676 2901 etiam
703 2838 812 2921 inepte
838 2839 1107 2924 peregrinantem.

90 2926 196 3003 Quare
209 2946 315 3008 usque
330 2924 371 2988 ad
383 2922 495 2988 Nonas
510 2924 614 2989 Maias
630 2929 662 2989 te
675 2925 892 2991 inFormiano
906 2928 1107 3010 exspectabo.

88 3013 121 3079 N
124 3036 185 3079 unc
208 3014 261 3078 fao
283 3016 321 3076 ut
342 3013 450 3098 sciam,
474 3034 538 3095 quo
559 3013 610 3076 die
627 3017 661 3078 te
679 3014 783 3078 visuri
802 3015 912 3079 simus.
948 3014 1001 3078 Ab
1020 3014 1109 3098 Appi

89 3101 174 3168 Foro
196 3102 280 3165 horo
303 3104 427 3184 quarta.
472 3099 631 3165 Dederam
659 3102 756 3166 aliam
778 3103 875 3186 paulo
900 3107 975 3168 ante
998 3125 1016 3166 a
1039 3103 1108 3167 Tri-

52 3191 149 3256 aobus
173 3189 342 3255 Tabernis.
