2564 3880
263 179 524 237 nrisrunsauu
542 181 592 236 m
610 179 775 238 Arrroun
792 162 857 236 xni
877 188 956 238 1-s.
1055 183 1124 249 395

574 410 644 478 Hb,

266 534 323 592 Sor.
339 534 373 588 ia
392 533 550 589 Tusculano
567 534 618 590 IV
633 533 671 588 K.
686 535 753 590 Iun.
767 552 793 590 ο.
809 538 866 591 709
884 537 954 604 (45).

410 655 556 711 CICERO
573 654 721 711 ATTICO
738 656 823 711 SAL,

168 760 249 831 Cras
282 762 385 850 igitur
418 764 525 828 auctio
554 761 720 829 Peducaei.
772 763 854 830 (lum
880 765 1004 849 poteris
1031 786 1117 850 ergo.
1132 781 1166 834 (Π
1179 780 1203 831 ³)

69 853 177 920 sEtsi
200 852 354 937 impediet
377 852 516 938 fortasse
538 849 703 917 Faberius.
741 847 803 917 Sed
825 857 934 918 tamen
957 875 1030 918 oum
1047 853 1121 918 lioe-

99 941 161 1006 bit.
198 939 377 1026 Dionysius
400 944 513 1004 noster
535 940 678 1025 graviter
701 941 846 1025 queritur
869 945 902 1006 et
924 946 1034 1007 tamen
1051 942 1122 1006 iure

99 1053 120 1094 a
143 1025 310 1113 discipulis
335 1027 446 1093 abesse
469 1032 591 1093 setam
615 1027 678 1092 diu.
720 1021 835 1093 Multis
859 1028 966 1094 verbis
990 1029 1121 1131 scripsit

99 1118 141 1182 ad
163 1138 224 1201 me,
248 1117 342 1181 oredo
365 1116 445 1180 item
468 1116 507 1180 ad
529 1119 571 1180 te.
612 1113 697 1180 Mihi
719 1115 1000 1206 quidemyidetur
1022 1121 1121 1182 eham

99 1205 224 1270 diutius
256 1205 415 1269 afuturus.
465 1203 514 1268 Aa
544 1203 680 1290 nollem,
712 1201 805 1268 valde
837 1205 924 1270 enim
955 1205 1121 1271 hominem

55 1319 84 1358 ιο
99 1293 255 1358 desidero.
828 1319 830 1322 ·

166 1380 198 1444 Α
224 1384 258 1445 te
286 1379 414 1445 litteras
442 1379 682 1466 exspectabam,
709 1370 853 1444 nondum
877 1378 1013 1466 seilicet5
1044 1396 1218 1448 nam(111¹›

97 1469 158 1534 has
181 1489 274 1533 mane
297 1468 518 1532 rescribebam

581 1640 640 1708 111.

266 1763 324 1819 Sor.
339 1765 371 1819 in
392 1763 549 1819 Tusculano
566 1763 625 1818 HI
639 1764 676 1818 K.
691 1763 757 1819 Iam.
773 1781 799 1818 a.
815 1767 872 1819 709
891 1767 961 1833 (45).

56 1897 83 1939 ιο
406 1883 552 1942 CICERO
569 1883 716 1941 ATTICO
733 1883 817 1941 SAL.

166 1995 240 2079 Ego
270 2016 347 2059 vero
374 1993 440 2058 ista
467 1993 599 2059 nomina
627 1994 672 2057 sio
701 1993 820 2078 probo,
851 1997 889 2058 ut
917 1993 1001 2058 nihil
1031 1994 1153 2063 aliudr

97 2103 150 2150 me
174 2086 313 2168 moveat,
334 2081 400 2147 nisi
423 2083 509 2167 quod
532 2085 570 2146 tu
591 2081 710 2146 videris
733 2082 891 2147 dubitare.
928 2081 1014 2146 illud
1032 2083 1118 2147 enim

98 2193 167 2237 non
190 2171 312 2255 accipio
336 2171 370 2234 in
394 2170 513 2235 bonam
535 2173 671 2256 partem,
693 2172 775 2251 quod
796 2170 836 2234 ad
854 2192 906 2235 me
924 2170 1038 2255 refers3
1061 2172 1119 2255 qui

98 2261 127 2325 si
158 2260 229 2343 ipse
260 2259 430 2344 negotium
456 2279 564 2322 meum
590 2279 748 2343 gererem,
778 2258 862 2322 nihil
888 2276 1032 2343 gererem
1054 2259 1120 2324 nisi

58 2375 84 2414 ro
98 2347 236 2414 oonsilio
269 2350 336 2411 tuos
391 2344 455 2412 Sed
486 2350 596 2410 tamen
627 2346 781 2431 intellego
814 2347 918 2431 magis
948 2351 981 2411 te
1010 2347 1044 2410 id
1073 2349 1121 2412 fa-

98 2457 171 2502 oere
195 2434 373 2520 diligentia,
397 2456 461 2518 qua
484 2455 610 2518 semper
632 2434 744 2518 uteris,
767 2453 864 2518 quam
884 2435 971 2518 quod
988 2435 1119 2501 dubites

98 2525 137 2589 de
176 2521 363 2588 nominibus
401 2522 484 2587 istis,
538 2522 672 2586 Etenim
708 2519 853 2587 anlium
890 2544 958 2588 non
991 2523 1120 2612 probas,

97 2612 195 2696 plura
216 2631 285 2676 non
306 2611 364 2676 ris.
402 2609 585 2694 Utrumque
607 2609 713 2674 laudo.
752 2609 814 2674 His
837 2611 940 2696 igitur
962 2612 1118 2678 utendum

97 2701 261 2784 †espraes
285 2698 456 2784 aliquando
482 2698 587 2763 faetus
610 2701 696 2763 esset
715 2699 750 2762 in
767 2697 820 2762 his
840 2699 969 2783 quidem
986 2699 1118 2765 tabulis.
1153 2763 1155 2767 ,

58 2813 84 2855 aa
97 2787 130 2852 A
162 2809 214 2852 me
241 2787 344 2872 igitur
371 2787 487 2852 omnia.
537 2784 630 2862 Quod
663 2785 730 2849 dies
762 2787 892 2871 longior
920 2792 985 2872 est,
1012 2791 1120 2853 tenea-

98 2897 173 2940 mus
201 2874 314 2959 modo,
343 2875 430 2959 quod
457 2874 619 2959 volumus,
646 2877 727 2957 puto
755 2873 825 2939 fore
852 2875 950 2940 istam
976 2876 1076 2940 etiam
1099 2899 1119 2940 a

98 2985 258 3048 praecone
281 2962 375 3048 diem,
397 2967 484 3028 oerte
507 2962 548 3026 ab
571 2961 751 3027 heredibus.

166 3050 216 3115 De
240 3048 355 3134 Orispo
379 3055 412 3115 et
434 3050 576 3115 Mustela
597 3049 732 3137 videbis,
750 3055 783 3115 et
805 3050 903 3115 velim
922 3051 1013 3137 seire,
1036 3073 1118 3136 quae
1257 3091 1258 3130 1

99 3138 144 3204 sit
172 3161 247 3224 pars
270 3139 415 3204 duorum.
460 3137 510 3202 De
533 3137 629 3202 Bruti
651 3139 791 3203 adventu
814 3160 902 3204 eram
923 3141 1029 3204 faetus
1052 3157 1153 3203 eor-2
1256 3133 1258 3198 l

59 3253 86 3293 οο
100 3227 174 3292 tior.
220 3227 386 3292 Attulerat
415 3227 501 3291 enim
523 3226 564 3291 ab
588 3248 625 3291 eo
647 3226 799 3312 Aegypta
820 3227 957 3291 libertus
980 3226 1117 3290 litteras.
1195 3275 1198 3280 ·
1254 3269 1256 3292 ι

98 3315 177 3380 Misi
200 3314 240 3380 ad
261 3319 295 3380 te
318 3315 500 3399 epistulam,
525 3315 601 3398 quia
624 3314 789 3380 commode
814 3315 934 3397 scripta
957 3318 1035 3378 erat.
