2578 3886
366 184 625 238 EPISTULARUM
643 185 694 238 AD
713 184 878 239 ATTICUM
896 185 922 237 X
941 192 966 238 4.
1107 185 1173 247 299

152 326 241 411 quit,
275 327 349 390 ‘tibi
381 328 600 393 concessisset.
646 328 769 392 Verum
801 331 881 410 puta
910 331 943 391 te
970 327 1174 409 impetrasse3

152 435 216 498 ego
241 415 327 478 enim
350 415 389 478 ad
413 438 486 479 eum
510 417 658 501 scribam,
681 419 718 479 ut
741 420 778 479 tu
801 416 870 498 ipse
894 416 993 499 11111,
1016 415 1055 478 11
1079 436 1116 477 11
1138 436 1174 477 11

151 523 215 567 nos
234 503 397 567 internos
416 504 552 568 locutos.
586 503 670 579 Quid
689 507 796 568 autem
811 503 899 567 illius
914 504 1059 586 interest,
1074 523 1174 584 quon-

152 590 221 654 iam
243 591 279 653 in
302 595 449 655 senatum
474 613 542 656 non
563 592 663 678 venis,
685 591 743 656 ubi
762 592 828 656 sis?
861 590 946 667 Quin
963 611 1049 654 nunc
1067 591 1175 674 ipsum

125 679 290 744 sminime
314 679 502 744 offendisses
525 680 594 744 eius
619 702 757 764 causam,
781 680 809 744 si
832 680 867 742 in
889 678 986 743 Italia
1007 699 1075 743 non
1097 678 1175 740 iuis-

155 767 228 831 ses.'
268 767 322 830 Ad
344 789 426 850 quae
449 789 509 852 ego
531 791 583 832 me
606 790 767 832 recessum
790 771 823 832 et
847 767 1056 831 solitudinem
1080 787 1175 849 quac

154 876 234 940 rere,
256 856 395 919 maxime
420 856 507 940 quod
528 856 659 920 lictores
682 855 844 919 haberem.
890 855 1049 919 Laudavit
1072 854 1175 919 oonsi-

154 943 245 1007 lium.
296 942 393 1019 ‘Quid
426 943 536 1027 ergo?'
578 945 724 1029 inquam3
762 943 849 1008 ‘nam
880 943 962 1007 mihi
994 964 1107 1007 cursus
1139 941 1176 1005 in

156 1029 324 1096 Graeciam
346 1053 403 1114 per
427 1036 518 1096 tuam
541 1033 742 1115 provinciam
765 1036 824 1114 est,
849 1033 1003 1115 quoniam
1026 1031 1068 1094 ad
1085 1052 1174 1094 mare

111 1145 140 1185 ro
157 1140 311 1202 superum
332 1120 452 1183 milites
477 1120 573 1184 sunt'
607 1119 703 1195 ‘Quid
725 1121 827 1204 mihi',
845 1120 963 1204 inquit,
982 1119 1174 1203 ‘optatius‘i'

155 1206 228 1271 Hoc
256 1208 327 1271 1111
355 1209 460 1272 multa
482 1208 727 1291 perliberaliter.
772 1208 862 1292 Ergo
886 1209 949 1272 hoc
973 1207 1102 1292 quidem
1125 1210 1175 1270 est

155 1296 347 1380 profectum,
369 1300 408 1359 ut
433 1318 500 1360 non
525 1297 621 1360 modo
641 1300 724 1382 tuto,
746 1318 859 1361 verum
878 1296 977 1361 etiam
996 1296 1103 1379 palam
1121 1315 1175 1358 na-

154 1383 348 1468 vigaremus.
397 1383 536 1467 Reliqua
567 1384 603 1447 in
634 1389 801 1469 posterum
834 1385 920 1447 diem
952 1384 1092 1468 distulit5
1136 1399 1227 1448 11111

157 1472 274 1556 quibus
308 1472 447 1536 scribam
482 1473 523 1536 ad
550 1476 583 1535 te
611 1473 639 1535 si
668 1473 747 1556 quid
774 1473 835 1536 1111
864 1472 1003 1555 epistula
1031 1472 1174 1556 dignum.

111 1584 140 1626 15
157 1557 241 1624 Sunt
269 1565 391 1647 autem,
420 1583 500 1644 quae
530 1559 695 1645 praeterii,
723 1561 986 1644 interregnumne
1014 1563 1099 1623 esset
1123 1581 1175 1622 ex-

157 1651 374 1732 spectaturus,
402 1670 443 1711 an
469 1650 572 1732 †quo
600 1649 695 1712 modo
724 1649 860 1712 dixerim
887 1649 942 1711 ille
967 1648 1096 1731 quidem
1120 1647 1177 1709 sed

156 1736 272 1800 deferri
296 1737 509 1820 consulatum,
534 1737 589 1799 sed
612 1759 646 1800 se
668 1736 756 1800 nolle
779 1737 814 1799 in
836 1736 1022 1818 proximum
1045 1756 1175 1798 annum.

155 1824 201 1888 Et
234 1823 416 1908 1111111111,
447 1845 529 1907 quae
557 1825 732 1907 exquiram.
778 1823 912 1888 Iurabat
939 1823 978 1886 ad
1007 1844 1176 1904 summam,

156 1911 244 1995 quod
261 1911 352 1976 nullo
370 1913 502 1996 negotio
521 1912 625 1976 facere
642 1913 727 1990 solet,
751 1912 981 1976 amicissimum
999 1910 1080 1974 mihi
1100 1907 1176 1974 Cae-

110 2025 141 2064 11
156 2021 261 2064 sarem
288 2021 369 2064 esse.
416 1999 551 2064 ‘Dubito
575 2001 745 2085 equidem,
772 2000 913 2082 inquam.
961 1996 1177 2080 ε1111111111

155 2110 207 2152 me
239 2086 430 2152 Dolabella?
481 2087 566 2174 ‘Dic‚
599 2089 709 2172 quid?
755 2087 960 2151 Adfirmabat
992 2109 1065 2151 eum
1101 2086 1176 2149 s'eri-

156 2177 272 2261 psisse,
287 2175 374 2259 quod
391 2198 442 2240 me
461 2180 592 2258 cuperet
611 2177 652 2240 ad
669 2177 783 2239 urbem
802 2177 920 2260 venire,
933 2176 1027 2239 illum
1046 2175 1175 2259 quidem

157 2265 280 2349 gratias
301 2285 394 2350 agere
413 2265 570 2328 maximas
591 2269 622 2328 et
641 2287 709 2328 non
727 2265 822 2328 modo
841 2264 989 2348 probare,
1004 2264 1059 2327 sed
1077 2263 1176 2326 etiam

156 2353 305 2437 gaudere.
352 2352 435 2429 Quid
469 2352 619 2436 quaeris?
657 2353 809 2436 acquievi.
856 2351 977 2416 Levata
1008 2355 1058 2414 est
1090 2352 1176 2414 enim

112 2463 143 2505 11
157 2441 298 2524 suspicio
339 2440 428 2528 issa„
438 2441 606 2504 domestici
642 2441 721 2504 mali
758 2445 790 2504 11
828 2441 985 2504 sermonis
1021 2439 1176 2503 Hirtiani.

157 2528 261 2604 Quam
294 2527 401 2612 cupio⁴
416 2529 511 2592 illum
539 2529 673 2613 dignum
702 2550 771 2592 esse
798 2529 895 2592 nobis
924 2532 956 2593 et
986 2550 1083 2611 quam
1106 2529 1177 2611 ipse

156 2638 208 2680 me
231 2616 346 2700 invito,
370 2618 485 2701 'squas
508 2638 567 2699 pro
591 2616 648 2680 illo
669 2617 713 2680 sit
732 2617 974 2699 suspicandum!
1013 2614 1076 2680 Sed
1095 2638 1176 2700 opus

157 2705 220 2769 fuit
248 2703 359 2768 Hirtio
388 2705 570 2769 convento?
606 2704 669 2768 Est
696 2705 843 2788 profecto
873 2705 982 2768 neseio
1008 2705 1093 2788 quid,
1122 2704 1178 2768 sed

157 2793 256 2858 velim
280 2814 377 2876 quam
400 2789 544 2856 minime.
590 2790 636 2855 Et
659 2796 767 2856 tamen
792 2815 865 2857 eum
888 2793 1033 2856 nondum
1057 2793 1177 2856 redisse

116 2906 145 2946 so
159 2882 323 2945 miramur.
371 2878 434 2945 Sed
455 2879 534 2945 haec
557 2880 746 2945 videbimus.

225 2968 276 3032 'l'u
298 2967 432 3052 'Oppios
461 2968 631 3032 Terentiae
659 2969 822 3051 delepabis.
872 2967 943 3032 Iam
971 2969 1056 3032 enim
1085 2968 1176 3032 urbis
1198 2985 1230 3032 11

158 3056 285 3121 nullum
307 3055 487 3140 periculum
511 3060 568 3121 est.
614 3056 668 3120 Me
691 3061 800 3121 tamen
823 3056 959 3121 oonsilio
983 3057 1067 3139 iuva,
1091 3056 1179 3139 pedi-

158 3145 262 3209 busne
292 3143 433 3229 Regium
463 3167 504 3208 an
530 3144 607 3208 hino
640 3146 753 3208 statim
780 3145 816 3207 in
842 3165 971 3230 navem,
1003 3147 1036 3207 et
1065 3147 1178 3226 cetera,

160 3233 313 3317 quoniam
336 3255 525 3297 commoror.
562 3231 635 3316 Ego
659 3233 699 3296 ad
717 3237 750 3297 te
770 3231 911 3317 [statim]
931 3231 1069 3316 habebo⁷
1093 3230 1180 3315 quod

117 3321 308 3406 rescribam,
336 3321 434 3385 simul
456 3324 494 3384 ut
517 3320 626 3385 videro
651 3319 833 3386 Curionem.
879 3319 929 3384 De
951 3319 1070 3383 'l'irone
1093 3339 1180 3404 cura,

161 3430 288 3496 quaeso,
312 3409 400 3494 quod
422 3410 511 3493 facis,
534 3412 571 3472 ut
595 3409 703 3495 seiam,
727 3409 804 3493 quid
826 3409 855 3472 is
880 3411 963 3492 agat.
