2586 3886
171 168 237 232 154
492 167 529 221 M.
549 167 657 222 TULLI
675 165 865 222 CICERONIS

167 312 231 376 hoe
252 333 374 375 norum
397 311 435 375 de
459 308 623 394 Cibyratis
650 310 825 394 pantheris.
871 309 1014 374 Multum
1042 313 1076 373 te
1105 331 1198 394 am0,
1284 309 1285 332 ³

168 399 257 484 quod
278 399 475 482 respondisti
493 398 537 463 M.
557 397 690 464 Octavio
713 402 747 462 te
768 420 836 463 non
857 402 980 481 putare.
1019 395 1196 480 8011110111ὁ

167 487 230 552 hac
253 487 373 572 omnia,
404 509 485 571 quae
507 490 595 552 recta
617 508 684 550 non
714 489 820 572 erunt,
852 508 911 569 pro
943 490 1031 550 certo
1058 489 1191 569 negato.
1285 524 1286 542 1

109 647 111 651 ι
168 575 240 640 Nos
264 575 349 640 enim
373 578 406 638 et
433 579 547 639 nostra
578 580 693 657 sponte
722 575 804 639 bene
830 574 917 638 firmi
945 578 977 638 et
1005 573 1190 638 mehercule

168 664 364 728 auctoritate
386 667 444 727 tua
465 662 657 727 inflammati
675 663 811 727 vicimus
835 683 945 727 omnes
971 660 1055 748 (hoo
1078 666 1116 726 tu
1138 662 1190 725 ita
1224 690 1239 730 5

168 749 330 838 reperies)
355 773 427 816 cum
450 750 647 815 abstinentia
670 754 741 814 tum
763 747 904 836 iustitia,
931 749 1102 835 facilitate,
1125 750 1189 813 cle-

168 840 299 904 mentia.
336 837 420 904 Cave
439 843 533 922 putes
552 839 724 923 quicquam
741 838 888 902 homines
906 839 1012 924 magis
1031 859 1190 920 umquam

168 950 239 992 esse
269 927 404 991 miratos
428 948 526 1011 quam
554 927 681 991 nullum
709 927 907 991 terruncium
936 948 987 990 me
1018 926 1189 991 obtinente

168 1015 368 1099 provinciam
391 1019 540 1098 sumptus
563 1016 685 1079 factum
706 1035 775 1079 esse
797 1036 855 1078 nec
878 1015 913 1078 in
935 1014 1189 1097 rempublicam

168 1125 227 1167 nec
250 1103 286 1166 in
308 1123 502 1187 quemquam
525 1123 670 1167 meorum
687 1107 914 1186 praeterquam
933 1103 968 1166 in
985 1101 1020 1166 L.
1040 1102 1188 1166 Tullium
1206 1131 1237 1170 10
1287 1131 1288 1134 ¹

167 1191 321 1274 legatum.
357 1190 391 1254 Is
409 1191 575 1274 ceteroqui
594 1191 769 1275 abstinens,
793 1192 848 1255 sed
865 1190 949 1255 Iulia
966 1189 1038 1276 lege
1060 1191 1188 1274 pransi-

168 1282 259 1363 tans,
292 1279 390 1342 semel
421 1282 531 1343 tamen
566 1279 602 1342 in
632 1278 730 1363 diem,
761 1301 842 1364 non,
877 1282 915 1342 ut
943 1278 1000 1342 alii
1027 1278 1188 1363 solebant,

169 1367 320 1430 omnibus
343 1365 422 1430 vicis
449 1369 588 1450 [praeter
611 1389 684 1430 eum
708 1368 806 1431 semel
828 1387 923 1431 nemo
942 1366 1078 1452 aceepit]
1097 1367 1188 1451 facit,

168 1458 207 1518 ut
225 1453 308 1518 mihi
325 1455 530 1538 excipiendus
549 1455 603 1540 sit,
625 1477 698 1518 cum
716 1455 914 1520 terruncium
931 1475 1015 1539 nego
1034 1459 1186 1538 sumptus

168 1543 298 1607 factum
343 1542 475 1607 Praeter
497 1565 570 1608 eum
594 1543 715 1627 accepit
737 1565 840 1608 nemo.
878 1542 947 1607 Has
971 1566 989 1607 a
1011 1547 1124 1606 nostro
1149 1541 1186 1618 Q.
1206 1572 1236 1612 15

169 1631 292 1696 Titinio
317 1632 426 1696 sordes
451 1632 636 1717 accepimus.

132 1738 149 1786 c
236 1720 309 1805 Ego
343 1719 475 1784 aestivis
505 1720 658 1784 confectis
688 1718 845 1794 Quintum
873 1719 1008 1784 fratrem
1037 1717 1186 1782 hibernis

169 1812 202 1872 et
225 1806 356 1873 Ciliciae
379 1807 524 1891 praefeci.
562 1806 597 1882 Q.
616 1806 798 1890 Volusium,
821 1808 871 1872 tui
890 1807 1000 1870 Tiberi
1020 1823 1187 1891 generum,

169 1900 292 1960 certum
332 1895 496 1960 hominem
532 1899 564 1959 et
600 1895 734 1959 mirifice
772 1895 1001 1979 abstinentem,
1037 1893 1113 1957 misi
1149 1894 1187 1958 111

170 1981 327 2068 Cyprum,
350 1988 387 2047 ut
409 1983 457 2047 ibi
478 1983 632 2067 pauculos
656 1983 723 2046 dies
747 1986 841 2066 esset,
863 2005 903 2047 ne
926 1983 1011 2047 cives
1034 1981 1186 2067 Romani,
1203 2011 1235 2050 ao

168 2072 264 2155 pauci
287 2071 343 2154 qui
365 2071 433 2135 illic
454 2072 679 2156 negotiantur,
708 2071 759 2134 ius
784 2071 847 2134 sibi
870 2070 992 2134 dictum
1013 2073 1185 2154 negarent3

133 2177 149 2224 7
169 2181 245 2222 nam
259 2159 384 2222 evocari
402 2181 441 2223 ex
455 2159 561 2222 insula
575 2157 711 2242 Cyprios
730 2180 797 2226 non
814 2159 898 2223 licet.
935 2157 1008 2241 Ipse
1022 2158 1057 2221 in
1070 2156 1186 2222 Asiam

168 2247 332 2330 profectus
360 2268 432 2310 sum
460 2247 560 2311 Tarso
584 2245 689 2311 Nonis
711 2246 884 2332 Ianuariis,
910 2268 978 2310 non
1003 2245 1186 2310 mehercule

169 2335 232 2398 dici
250 2337 368 2417 potest,
387 2356 451 2418 qua
469 2335 681 2399 admiratione
699 2332 831 2399 Ciliciae
845 2333 1014 2399 civitatum
1032 2333 1186 2398 maxime-

169 2444 232 2506 que
261 2421 476 2487 Tarsensium.
527 2422 645 2487 Postea
674 2445 750 2487 vero
781 2444 877 2506 quam
907 2423 1049 2487 Taurum
1079 2426 1185 2486 trans·
1202 2450 1232 2490 aa

168 2531 300 2594 gressus
336 2531 423 2596 sum,
457 2511 593 2575 mirifica
630 2511 826 2594 exspectatio
859 2509 958 2574 Asiae
997 2513 1186 2574 nostrarum

168 2598 363 2662 dioecesium
369 2649 378 2682 ,
415 2619 496 2682 quae
533 2621 588 2663 sex
620 2599 785 2663 mensibus
821 2598 949 2683 imperii
979 2598 1043 2662 mei
1074 2598 1185 2662 nullas

168 2708 257 2750 meas
288 2690 451 2769 acceperat
483 2686 623 2770 litteras,
652 2709 829 2770 numquam
857 2687 1020 2770 hospitem
1050 2685 1185 2750 viderat.

167 2773 254 2839 Illud
277 2778 386 2838 autem
407 2777 535 2857 tempus
559 2775 733 2858 quotannis
761 2779 836 2839 ante
857 2797 910 2838 me
937 2776 1042 2838 fuerat
1063 2773 1100 2837 111
1122 2773 1186 2839 hoc

170 2867 315 2946 quaestu.
361 2859 518 2926 Civitates
544 2861 734 2947 locupletes,
762 2884 804 2926 ne
833 2863 868 2926 in
896 2862 1032 2926 hiberna
1061 2861 1185 2926 milites
1201 2889 1232 2930 se

169 2949 362 3036 reciperent,
395 2970 529 3034 magnas
559 2951 712 3033 pecunias
746 2949 879 3034 dabant,
914 2948 1026 3032 Cyprii
1060 2950 1186 3014 talenta

169 3036 281 3102 Attica
304 3054 360 3124 003
383 3059 503 3121 quaer
526 3036 990 3123 11101110(11011ὑπερβολικῶς,
1014 3037 1069 3101 sed
1088 3037 1187 3102 veris-

170 3126 252 3190 sime
274 3123 411 3211 loquor)
429 3146 582 3189 nummus
603 3126 714 3190 nullus
732 3148 784 3190 me
803 3125 969 3190 obtinente
988 3125 1185 3209 erogabitur.

170 3212 221 3277 Ob
253 3213 332 3278 haec
364 3213 534 3298 beneficia,
565 3213 682 3296 quibus
714 3214 764 3278 illi
797 3214 1044 3297 obstupescunt,
1076 3213 1186 3278 nullos

168 3301 309 3366 honores
328 3302 409 3366 mihi
427 3301 493 3365 nisi
510 3300 683 3364 verborum
701 3302 827 3366 decerni
846 3302 926 3385 sino,
949 3305 1083 3385 statuas,
1101 3302 1187 3387 fana,
1201 3328 1230 3370 aa

169 3389 338 3476 τέθριππα
360 3389 518 3473 prohibeo
545 3410 605 3452 nee
631 3411 703 3452 sum
730 3389 767 3453 in
792 3390 859 3454 ulla
886 3411 921 3453 re
944 3388 1007 3453 alia
1029 3389 1188 3454 molestus

169 3477 358 3543 civItatibus
374 3513 416 3524 -
435 3478 491 3542 sed
513 3478 650 3541 fortasse
672 3475 743 3563 tibi,
767 3478 823 3560 qui
844 3477 923 3542 haec
945 3477 1124 3562 praedicem
1147 3477 1188 3542 de
