2578 3886
270 159 530 214 EPISTULARUM
547 161 598 214 AD
617 161 782 216 ATTIOUM
800 162 825 216 X
845 169 958 218 12-13.
1057 165 1123 228 315

98 303 254 386 σφάλμα,
282 303 384 388 vides
412 326 509 387 quam
535 307 631 388 turpe
654 307 749 390 †est‚
796 305 965 392 trahimur,
993 327 1053 370 nec
1075 307 1123 370 fu·

98 391 266 477 giendum,
289 392 317 454 si
341 392 419 475 quid
441 392 624 458 violentius.

169 479 221 543 Dc
240 478 348 544 Caelio
374 501 467 564 saepe
491 502 617 546 mecum
635 482 725 566 agito
743 503 811 565 nec,
835 482 863 546 si
883 482 961 566 quid
978 482 1122 546 habuero
1141 502 1157 550 3
1177 501 1207 554 (e)

97 567 182 653 tale,
210 567 380 632 dimittam.
426 568 601 653 Hispanias
633 592 726 653 spero
749 571 859 634 firmas
884 592 961 634 esse.
1007 569 1122 634 Massi-

57 683 79 724 s
97 655 254 720 liensium
274 656 397 720 factum
415 679 489 721 cum
506 659 615 741 ipsum
633 680 690 741 per
710 680 743 722 se
762 659 963 722 luculentum
982 662 1032 722 est
1050 662 1122 721 tum

96 743 184 807 mihi
214 748 405 828 argumento
438 750 488 809 est
517 753 602 810 recte
631 768 700 810 esse
727 747 762 809 in
790 745 967 830 Hispaniis.
1013 745 1122 810 Minus

98 832 189 896 enim
209 833 371 917 auderent,
395 833 422 897 si
442 834 535 897 aliter
554 839 648 919 esset,
672 838 704 898 et
723 834 856 920 scirent3
879 856 955 898 nam
973 838 1006 898 et
1024 834 1122 898 vicini

97 924 134 983 et
163 921 335 1005 diligentes
364 926 448 986 sunt.
499 921 616 987 Odium
644 927 753 987 autem
780 927 865 987 recte
893 922 1121 986 animadvertis

97 1009 321 1093 significatum
344 1011 379 1074 ia
402 1010 538 1076 theatro.
584 1010 743 1095 Legiones
767 1011 866 1074 etiam
887 1011 957 1095 has,
985 1032 1064 1095 quas
1088 1010 1123 1072 in

43 1128 79 1166 ιο
96 1095 200 1161 Italia
228 1098 418 1184 assumpsit,
449 1098 662 1163 alienissimas
687 1120 756 1162 esse
778 1100 880 1164 video.
928 1097 992 1163 Sed
1013 1103 1122 1163 tamen

95 1185 186 1249 nihil
208 1185 371 1250 inimicius
396 1209 493 1271 quam
516 1187 580 1251 sibi
603 1189 680 1271 ipse.
726 1186 812 1250 Illud
834 1191 921 1252 recte
944 1188 1053 1270 times,
1081 1208 1122 1250 ne

95 1278 183 1338 ruat.
231 1273 267 1338 Si
294 1275 485 1360 desperarit,
512 1279 598 1340 certe
625 1279 706 1339 ruet.
753 1274 823 1349 Quo
851 1275 956 1360 magis
984 1276 1122 1338 efficien-

96 1363 178 1426 dum
207 1363 330 1446 aliquid
358 1368 422 1449 est,
451 1365 583 1428 fortuna
610 1363 708 1427 velim
736 1363 883 1447 meliore,
913 1364 1021 1427 animo
1046 1361 1122 1427 Cae-

94 1451 197 1515 liano.
242 1449 305 1514 Sed
328 1451 468 1534 primum
491 1453 640 1536 quidque.
678 1451 770 1526 Quod
794 1452 1025 1535 qualecumque
1051 1452 1123 1535 erit,

46 1569 79 1609 15
96 1540 256 1603 continuo
281 1539 371 1604 scies.
417 1538 487 1604 Nos
511 1541 629 1625 iuveni,
651 1543 689 1603 ut
712 1559 819 1624 rogas,
843 1539 1121 1623 suppeditabimus
1140 1562 1158 1608 4
1187 1559 1215 1611 (a

96 1632 133 1692 et
160 1626 420 1710 Peloponnesum
447 1627 553 1711 ipsam
581 1627 823 1692 sustinebimus,
869 1627 933 1690 Est
961 1627 1046 1690 enim
1076 1627 1122 1689 in-

95 1716 204 1801 doles,
236 1716 331 1779 modo
365 1716 498 1799 aliquod
530 1717 553 1800 i·
579 1716 643 1781 hoo
674 1715 717 1779 sit
744 1711 829 1798 ἦθος
858 1717 1121 1778 ΑΚΙΜΟΑΟΝ.

96 1803 192 1880 Quod
226 1805 254 1868 si
287 1804 390 1868 adhuc
421 1804 549 1867 nullum
581 1809 645 1889 est,
677 1825 746 1866 esse
774 1807 883 1867 tamen
910 1807 1032 1887 potest,
1065 1806 1122 1864 aut

96 1892 199 1978 ἀρετὴ
231 1913 299 1956 non
331 1896 381 1956 est
414 1894 584 1976 διδακτόν,
618 1892 705 1976 quod
734 1891 815 1955 mihi
844 1891 1028 1975 persuaderi
1055 1911 1122 1952 non

7 2039 9 2046 .
50 2012 80 2050 ao
96 1985 219 2065 potest,

565 2191 629 2256 Xll
647 2243 654 2256 .

299 2330 355 2386 Ser.
368 2332 400 2384 ia
419 2331 543 2385 Cumano
563 2330 637 2384 Noa.
652 2331 725 2386 Mai.
739 2348 765 2386 c.
779 2333 834 2385 705
854 2333 923 2398 (49).

406 2471 553 2526 CICERO
571 2471 719 2527 ATTICO
738 2470 821 2526 SAL.

167 2598 322 2683 Epistula
345 2603 403 2662 tua
426 2597 613 2683 gratissima
635 2597 699 2661 fuit
722 2619 812 2660 meae
835 2596 961 2660 Tulliae
984 2599 1016 2659 et
1038 2618 1156 2665 mer-1

7 2739 8 2750 2
53 2717 81 2758 rs
96 2689 169 2756 oule
201 2686 291 2750 mihi.
343 2683 475 2769 Semper
506 2685 669 2769 speculam
697 2684 840 2768 aliquam
870 2685 1019 2748 adferunt
1047 2689 1122 2748 tuae

96 2779 237 2843 litterae.
285 2772 413 2839 Scribas
440 2775 543 2859 igitur
571 2795 620 2857 ac,
652 2773 679 2836 si
708 2773 786 2857 quid
813 2773 854 2836 ad
877 2795 967 2857 spem
990 2773 1123 2858 poteris,

97 2888 140 2931 ne
163 2863 333 2929 dimiseris.
371 2863 421 2926 Tu
439 2861 565 2926 Antoni
583 2861 692 2925 leones
710 2861 920 2945 pertimescas
940 2882 1023 2924 cave.
1064 2859 1123 2924 Ni-

97 2955 148 3018 hil
176 2956 226 3017 est
254 2951 311 3016 illo
339 2950 470 3015 homine
493 2950 672 3040 iucundius.
718 2948 860 3014 Attende
883 2949 1006 3034 πρᾶξιν
1028 2955 1122 3014 πολι-

98 3050 204 3108 τικοῦ.
250 3040 409 3105 Evocavit
441 3039 561 3102 litteris
594 3061 611 3102 e
643 3038 829 3120 municipiis
862 3038 971 3102 decem
997 3037 1121 3120 primos

57 3160 84 3200 ro
99 3136 134 3196 ct
156 3147 211 3194 1111
220 3129 315 3194 viros.
353 3127 522 3192 Venerunt
546 3127 586 3191 ad
608 3127 720 3191 villam
743 3127 812 3190 eius
836 3147 937 3190 mane.
974 3124 1122 3189 Primum

98 3217 233 3284 dormiit
256 3218 296 3281 ad
317 3217 418 3302 h.111,
440 3215 563 3301 deinde,
586 3237 659 3279 cum
683 3219 768 3278 esset
790 3215 978 3278 nuntiatum
996 3213 1122 3276 venisse

98 3306 335 3391 Neapolitanos
358 3309 391 3368 et
411 3302 573 3368 Cumanos
596 3301 662 3390 (his
681 3305 767 3367 enim
786 3307 836 3366 est
856 3301 974 3367 Caesar
992 3298 1123 3386 iratus),

98 3395 257 3480 postridie
286 3394 389 3457 redire
412 3393 522 3476 iussit3
554 3391 656 3455 lavari
680 3414 714 3455 se
737 3390 819 3455 velle
843 3395 875 3454 et
898 3387 974 3471 περὶ
998 3394 1122 3453 κοιλιο-

99 3488 222 3550 luetur
248 3486 413 3566 γίνεσθαι.
459 3481 531 3545 Hoc
558 3480 634 3543 here
662 3480 775 3543 effecit.
821 3478 926 3542 Hodie
955 3481 1064 3540 autem
1087 3477 1123 3540 in
