2564 3880
256 153 515 210 EPISTULARUM
533 155 582 208 AD
602 154 766 210 ATTICUM
784 155 850 210 XIII
869 162 911 224 25,
932 162 974 209 26.
1055 157 1122 220 413

94 294 242 359 Brutum
272 300 488 381 transeamus3
520 302 570 362 esi
600 299 687 361 enim
713 299 742 362 is
767 319 895 381 quoque
918 297 1121 362 Antiochiae,

96 382 125 446 O
159 382 367 448 Academiam
397 386 570 449 volaticam
599 390 630 450 si
659 387 710 449 sui
738 386 891 449 similem!
923 385 1019 449 modo
1049 384 1122 471 huc,

95 472 196 536 modo
220 472 305 536 illuc.
353 473 428 558 sed,
457 495 586 558 quaeso,
615 473 755 558 epistula
784 496 855 538 mea
879 474 918 536 ad
941 472 1122 538 Varronem

95 560 234 624 valdeue
261 561 323 624 libi
351 561 495 644 placuit?
532 561 617 626 Male
645 562 691 626 mi
719 563 777 647 sii,
804 562 833 626 si
857 583 1009 644 umquam
1034 562 1121 644 quic-

70 669 200 731 aquam
228 651 297 712 lam
326 650 437 713 enitar.
490 650 580 734 Ergo
612 672 654 714 ne
686 649 798 714 Tironi
831 649 961 733 quidem
994 650 1121 733 dictari,

97 737 157 887 qui
180 740 268 800 iolas
292 739 449 823 περιοχὰς
467 739 618 822 persequi
638 739 730 823 solet,
754 739 811 802 sed
830 736 1006 822 Spiuiharo
1027 737 1122 821 sylla-

122 825 213 889 alim.

553 1001 671 1066 XXVI.
772 1048 778 1055 -

249 1120 305 1176 Ser.
321 1121 353 1174 ia
374 1121 532 1175 Tusculano
546 1122 622 1190 prid.
637 1122 681 1176 Id.
698 1122 771 1176 Mai.
787 1140 812 1176 a.
831 1126 887 1177 709
907 1124 976 1189 (45).

58 1255 84 1294 10
407 1243 553 1320 CICERO
571 1243 717 1298 ATTICO
735 1243 818 1298 SAL.

166 1350 216 1415 De
230 1350 357 1437 Vergili
380 1355 472 1435 parte
495 1351 587 1415 valde
608 1352 721 1436 probo.
759 1350 813 1416 Sic
831 1373 907 1436 ages
925 1353 1037 1436 igilur.
1075 1354 1121 1417 Ee
1141 1371 1155 1418 1

99 1440 231 1524 quidem
258 1439 291 1502 id
319 1439 381 1502 erit
407 1439 561 1524 primum,
594 1440 780 1522 proximum
809 1438 947 1504 Clodiae.
999 1440 1121 1517 Quodsi

97 1532 262 1613 neutrum,
284 1532 403 1611 metuo,
426 1549 467 1592 ne
485 1529 615 1592 iurbem
633 1533 665 1592 ei
683 1528 812 1592 imuam
831 1528 866 1591 iu
884 1526 1037 1592 Drusum.
1070 1527 1121 1592 In-

98 1621 285 1699 iemperans
318 1639 390 1680 sum
422 1617 457 1680 in
488 1617 557 1680 eius
589 1617 637 1680 rei
669 1617 859 1701 cupiditate,
892 1637 989 1699 quam
1022 1617 1119 1680 nosti.

61 1729 86 1770 15
99 1704 216 1788 lisque
253 1704 401 1768 revolvor
433 1705 610 1768 identidem
642 1705 676 1768 in
708 1704 933 1768 Tusculanum.
986 1702 1120 1779 Quidvis

100 1793 188 1856 euim
210 1791 329 1875 polius,
353 1814 450 1875 quam
474 1797 511 1855 ul
533 1814 602 1856 nou
623 1792 683 1856 hac
708 1796 831 1856 aestate
855 1792 1052 1856 absolvalur.

167 1880 250 1964 Ego,
274 1884 311 1944 ut
333 1884 460 1963 tempus
484 1884 534 1944 esi
552 1883 710 1963 nostrum,
733 1880 842 1944 looum
860 1880 964 1943 habeo
983 1879 1120 1966 nullum,
1139 1900 1154 1944 2

100 1969 158 2033 ubi
181 1968 308 2032 facilius
328 1989 396 2032 esse
415 1969 536 2052 possim
561 1990 657 2052 quam
675 1967 825 2032 Asiurae.
863 1966 934 2050 Sed,
958 1969 1044 2052 quia,
1063 1969 1120 2051 qui

100 2077 228 2120 mecum
246 2061 331 2140 suni,
349 2057 452 2141 credo,
472 2057 559 2140 quod
577 2056 774 2120 maestitiam
792 2077 898 2120 meam
915 2078 983 2119 non
1001 2057 1121 2142 ferunt,

63 2172 88 2211 ao
102 2146 234 2209 domum
257 2149 444 2230 properant,
472 2145 535 2208 cisi
557 2150 704 2229 poteram
728 2166 906 2226 remanere,
934 2148 1052 2228 tamen,
1082 2148 1120 2208 ul

103 2233 217 2316 scripsi
239 2232 316 2318 sibi,
343 2233 527 2316 proficiscar
549 2234 634 2318 hinc,
663 2255 703 2297 ue
726 2233 861 2297 relictus
884 2231 1001 2297 ridear.
1049 2231 1119 2307 Quo

102 2321 231 2385 autem?
268 2319 413 2385 Lanuvio
437 2343 536 2386 eonor
560 2321 707 2405 squidem
730 2321 765 2387 in
787 2320 1014 2385 Tusculanum.
1058 2319 1120 2385 Sed

102 2409 219 2474 faciam
254 2413 287 2472 ie
324 2410 436 2472 statim
473 2409 651 2474 certiorem.
709 2408 759 2473 Tu
795 2409 922 2472 liliosas
961 2409 1119 2473 conficies.

102 2497 262 2581 Equidem
295 2497 446 2561 credibile
475 2518 543 2560 nou
574 2502 624 2562 esi
657 2502 815 2582 quantum
849 2497 1001 2582 scribam,
1040 2497 1119 2580 quin

66 2587 201 2652 aseliam
223 2585 382 2650 noctibus.
428 2585 522 2650 Nihil
544 2586 630 2650 enim
654 2585 767 2650 somni.
804 2584 885 2649 Heri
909 2587 1006 2650 etiam
1030 2586 1120 2650 effeci

104 2675 276 2757 epistulam
309 2674 349 2737 ad
381 2671 563 2756 Caesarem3
595 2674 657 2737 tibi
689 2674 776 2737 enim
808 2673 964 2756 placebat.
1016 2673 1119 2750 Quam

103 2784 168 2826 nou
190 2763 254 2826 fuis
276 2762 398 2825 malum
421 2762 528 2846 scribi,
552 2762 579 2825 ni
602 2763 687 2826 forie
711 2783 793 2844 opus
817 2783 886 2826 esse
909 2767 1054 2846 putares3
1083 2767 1121 2826 ut
1224 2774 1228 2780 '

105 2851 232 2934 quidem
253 2872 339 2914 nunc
362 2854 420 2933 est,
443 2850 526 2914 nihil
549 2871 625 2914 sane
647 2854 696 2914 esi
718 2871 849 2914 necesse
871 2851 1009 2915 mittere.
1057 2849 1121 2915 Sed

52 2920 59 2942 ⁸
104 2939 136 3002 id
168 2938 311 3024 quidem,
343 2942 380 3002 ui
412 2938 474 3002 tibi
506 2938 676 3002 videbitur.
722 2937 854 3002 Missam
882 2942 992 3002 lamen
1020 2938 1060 3002 ad
1087 2942 1121 3002 ie

69 3053 92 3092 so
105 3025 286 3126 exemplum
315 3027 453 3090 fortasse
481 3026 641 3113 Lanuvio,
668 3025 732 3091 nisi
759 3027 845 3090 forle
872 3025 1018 3091 Romam.
1057 3024 1121 3090 Sed

8 3161 9 3196 q
106 3137 172 3180 cras
198 3136 288 3180 screa.
