2586 3886
302 187 558 241 EPISTULARUM
571 186 620 241 AD
640 185 802 241 ATTICUM
822 186 916 240 V111.
1058 187 1121 252 187

107 333 212 395 ticum
231 329 456 395 conveniam'?
491 329 567 395 Non
591 333 640 394 est
662 330 751 394 locus
774 330 813 394 ad
837 329 1122 414 tergiversandum.

109 418 234 484 Contra
258 417 449 483 Gaesarem?
486 417 569 482 ‘Ubi
597 417 671 481 illae
696 422 772 481 sunt
796 419 910 481 densae
933 418 1121 482 dexterael'

107 507 209 591 Nam,
236 511 274 570 ut
300 506 348 571 illi
374 506 437 570 hoc
460 506 583 588 liceret,
612 507 719 570 adiuvi
746 509 880 590 rogatus
902 506 942 569 ab
966 506 1037 588 ipso
1061 505 1123 569 Ra-

108 615 233 659 vennae
256 594 294 658 de
315 594 422 659 Caelio
447 594 578 658 tribuno
602 595 643 678 pl.
680 593 733 657 Ab
756 594 827 677 ipso
847 594 975 658 autem?
1011 593 1121 657 Etiam

81 706 128 748 ra
150 681 258 747 Gnaeo
281 686 395 747 nostro
418 683 453 745 in
474 682 533 746 illo
556 682 664 746 divino
687 682 783 746 tertio
803 682 979 746 consulatu.
1016 681 1122 746 Aliter

13 835 14 840 ,
108 792 253 855 sensero,
290 770 440 854 αἰδέομαι
468 791 534 834 non
562 769 750 853 Pompeium
777 770 886 856 modo,
919 770 974 833 sed
1008 773 1121 855 Τρῶας

107 857 164 922 καὶ
192 859 356 939 Τρωάδας.

168 982 411 1064 Ἥουλυὸἄμας
433 1005 489 1065 μοι
512 992 642 1066 πρῶτος
667 979 834 1080 ἐλεγχείην
856 980 1062 1063 curatrices?

110 1121 213 1198 Quis?
249 1122 299 1185 Tu
325 1121 395 1204 ipse
423 1120 544 1185 scilicet
571 1122 720 1185 laudator
748 1126 780 1185 et
807 1122 967 1186 factorum
990 1125 1023 1185 et
1047 1121 1121 1186 scri-

68 1237 94 1274 11
108 1213 241 1293 ptorum
267 1231 419 1273 meorum.
465 1209 567 1281 Hanc,
588 1230 665 1294 ergo
688 1208 816 1293 plagam
840 1210 938 1294 effugi
960 1231 1017 1292 per
1040 1209 1156 1273 duoso

110 1298 291 1380 superiores
313 1297 541 1362 Marcellorum
564 1297 760 1382 consulatus,
783 1319 855 1361 cum
879 1302 928 1361 est
952 1302 1059 1361 actum
1083 1297 1121 1360 de

109 1385 276 1468 provincia
303 1384 463 1470 Caesaris,
490 1407 575 1450 nunc
602 1386 707 1450 incido
736 1385 770 1448 in
799 1386 971 1449 discrimen
992 1385 1121 1469 ipsum?

109 1473 262 1556 Itaqne†
297 1476 334 1537 ut
373 1474 492 1538 stultus
524 1475 648 1558 primus
681 1495 772 1536 snam
805 1474 995 1537 sententiam
1027 1474 1120 1556 dicat,

110 1561 191 1625 mihi
214 1562 306 1625 valde
329 1562 434 1646 placet
457 1563 495 1626 de
518 1561 683 1644 triumpho
706 1583 765 1625 nos
788 1561 897 1625 moliri
915 1561 1046 1643 aliquid,
1069 1583 1120 1624 ex-

68 1675 95 1714 15
111 1652 163 1712 tra
184 1650 297 1714 urbem
320 1671 388 1714 esse
411 1671 484 1714 cum
505 1650 694 1714 iustissuma
717 1670 819 1713 causa.
855 1649 975 1712 Tamen
998 1647 1120 1712 dabunt

111 1759 256 1822 operam,
289 1734 326 1801 ut
358 1738 487 1802 eliciant
513 1739 706 1802 sententiam
734 1759 846 1801 meam.
897 1735 1030 1800 Ridebis
1057 1734 1120 1799 hoo

110 1826 182 1889 loco
209 1826 354 1889 fortasse.
400 1825 502 1901 Quam
528 1826 642 1890 vellem
671 1825 769 1890 etiarn
790 1846 875 1888 nunc
897 1825 933 1887 in
954 1822 1120 1907 provincia

111 1914 244 1978 morari!
281 1913 379 1977 Plane
409 1935 490 1996 opus
522 1914 601 1996 fuit,
633 1914 662 1978 si
688 1913 750 1976 hoo
781 1911 994 1995 impendebat.
1044 1909 1119 1974 Etsi

110 2001 158 2064 nil
180 2001 338 2065 miserius.
375 2000 468 2086 Nam,
492 2002 574 2067 ὁδοῦ
596 2003 774 2087 πάρεργον,
797 2002 870 2064 volo
894 2004 926 2064 te
949 1999 1012 2064 hoo
1029 1998 1118 2063 scire.

68 2115 97 2153 ao
112 2086 227 2152 Omnia
256 2089 312 2152 illa
339 2089 456 2174 prima,
487 2111 567 2173 quae
594 2090 691 2153 etiam
718 2092 755 2153 tu
785 2089 904 2152 litteris
932 2087 967 2151 in
996 2087 1119 2151 eaelum

110 2177 249 2261 ferebas,
277 2176 430 2260 ἐπίτηκτα
457 2177 595 2241 fuerunt.
642 2176 744 2252 Quam
770 2198 836 2241 non
863 2180 911 2241 est
933 2176 1036 2240 facilis
1059 2175 1155 2240 vir-6

109 2267 176 2328 tus!
231 2287 327 2348 quam
366 2287 442 2329 vero
477 2265 617 2329 difficilis
652 2266 719 2329 eius
754 2265 905 2329 diuturna
941 2263 1118 2328 simulatio!

111 2349 194 2416 Cum
222 2353 307 2417 enim
328 2350 392 2417 hoo
413 2357 536 2417 rectum
559 2357 591 2416 et
613 2353 791 2437 gloriosum
814 2357 975 2437 putarem,
1004 2374 1043 2415 ex
1066 2373 1120 2414 an-

110 2461 175 2504 nuo
204 2445 349 2524 sumptu,
381 2441 437 2524 qui
464 2441 544 2505 mihi
573 2441 716 2505 decretus
745 2445 842 2524 esset,
874 2463 925 2504 me
953 2437 987 2504 Ο.
1013 2438 1119 2504 Caelio

69 2553 97 2593 2⁵
112 2529 274 2611 quaestori
301 2528 480 2613 relinquere
508 2551 664 2613 annuum,
693 2530 811 2592 referre
841 2529 875 2592 in
898 2527 1056 2592 aerarium
1080 2527 1120 2590 ad

111 2615 167 2680 HS
195 2618 301 2701 †clo,
328 2617 486 2702 ingemuit
507 2622 620 2682 nostra
642 2617 757 2681 cohors
782 2637 875 2680 omno
898 2615 979 2680 illud
1002 2620 1120 2699 putans

112 2704 264 2769 distribui
286 2705 349 2768 sibi
373 2708 529 2790 oportere,
552 2710 589 2769 ut
608 2727 668 2791 ego
691 2704 822 2770 amicior
841 2704 1001 2768 invenirer
1018 2703 1120 2786 Phry-

111 2813 189 2877 gum
217 2795 249 2856 et
274 2791 409 2858 Cilicum
439 2793 568 2857 aerariis
597 2816 694 2876 quam
720 2797 840 2857 nostru.
888 2791 950 2856 Sed
976 2812 1121 2855 menon

112 2885 294 2965 moverunt3
316 2905 391 2945 nam
414 2883 445 2944 et
468 2903 538 2946 mea
556 2882 626 2945 laus
646 2882 730 2964 apud
747 2903 798 2944 me
817 2880 991 2963 plurimum
1009 2878 1121 2963 valuit,

71 2993 98 3033 ao
112 2989 169 3032 nec
192 2973 300 3033 tamen
323 2969 494 3053 quicquam
516 2969 691 3034 honorifice
714 2969 749 3033 in
767 2991 960 3052 quemquam
977 2968 1048 3031 fieri
1065 2989 1121 3050 po-

112 3056 189 3140 tuit,
222 3057 307 3140 quod
339 3057 617 3140 praetermiserim.
669 3055 730 3120 Sed
761 3057 840 3121 haec
865 3056 977 3140 fuerit,
1009 3058 1046 3119 ut
1074 3054 1120 3118 ait

112 3143 321 3228 Thucydides,
346 3145 480 3228 ‘duflolrl
504 3146 622 3228 λόγον’
645 3166 709 3209 non
734 3144 867 3208 inutilis,
1122 3222 1125 3228 ¹

178 3231 227 3296 Tu
255 3235 362 3297 autem
386 3235 423 3297 de
447 3237 558 3297 nostro
581 3237 669 3297 statu
692 3233 864 3318 cogitabis,
891 3232 1030 3315 primum
1055 3251 1120 3313 quo
1139 3245 1156 3292 1

113 3320 249 3384 artificio
281 3324 428 3385 tueamur
460 3321 715 3386 benevolentiam
749 3318 908 3402 (laeseris,
941 3317 1053 3381 deinde
1081 3316 1120 3379 de

72 3407 183 3490 seipso
207 3407 386 3493 triumpho,
411 3429 505 3492 quem
528 3409 630 3492 video,
653 3409 717 3472 nisi
740 3408 787 3471 rei
809 3406 956 3491 publicae
974 3410 1120 3486 tempora

112 3495 298 3580 impedient,
326 3497 530 3581 εὐπόριστον.
576 3495 687 3560 Iudico
715 3498 821 3559 autem
845 3516 917 3558 cum
941 3515 979 3555 ex
1001 3491 1120 3555 litteris
