2568 3888
155 155 198 217 18
476 153 514 208 M.
534 153 642 208 TULLI
661 153 850 208 CICERONIS

155 319 195 362 ex
227 297 328 361 altera
359 300 452 380 parte
483 296 578 360 facile
608 312 693 360 cccc
724 296 864 360 fuerunt.
915 295 999 360 Acta
1031 318 1082 360 res
1121 299 1194 360 est.

155 385 267 450 Fufius
306 385 457 448 tribunus
493 389 565 448 tum
604 386 770 448 concessit.
831 382 963 448 Clodius
1007 385 1195 449 contiones

155 474 290 537 miseras
322 473 475 556 habebat,
512 473 547 536 in
580 472 698 556 quibus
730 472 915 558 Lucullum,
951 471 1194 556 Hortensium,

157 559 191 626 O.
205 561 366 645 Pisonem,
384 561 571 624 Messallam
585 561 750 624 consulem
764 561 998 626 contumeliose
1012 561 1194 644 laedebat,

155 671 207 713 me
230 653 358 714 tantum
382 648 600 733 ‘comperisse'
621 649 729 712 omnia
753 649 994 713 criminabatur.
1036 647 1194 713 Senatus
1226 673 1241 714 5

156 741 189 802 et
211 737 250 802 de
281 737 458 822 provinciis
487 741 674 819 praetorum
704 740 736 802 et
768 737 806 801 de
836 737 1056 822 legationibus
1081 741 1113 801 et
1144 738 1194 800 de
1273 746 1280 809 Ι

156 825 272 890 ceteris
301 825 397 888 rebus
428 825 633 909 decernebat,
666 828 717 910 ut,
747 829 920 908 antequam
947 825 1077 909 rogatio
1107 825 1193 889 lata
1274 820 1280 829 '

156 917 250 996 esset,
271 934 313 977 ne
336 912 415 996 quid
435 916 592 996 ageretur.

121 1017 138 1064 6
223 1001 333 1064 Habes
355 1022 406 1064 res
425 1000 597 1064 Romanas.
635 999 698 1064 Sed
721 1004 829 1066 tamen
852 1002 951 1065 etiam
974 1001 1064 1085 illud,
1089 1001 1191 1085 quod

156 1111 223 1153 non
246 1110 417 1172 speraram,
441 1089 523 1153 audi.
552 1088 705 1152 Messalla
724 1089 837 1152 consul
860 1093 909 1153 est
929 1089 1090 1173 egregius,
1112 1091 1190 1154 for·
1208 1117 1239 1155 ro

156 1177 210 1260 tis,
224 1179 384 1261 constans,
404 1177 551 1261 diligens,
569 1177 675 1240 nostri
688 1176 845 1261 laudator,
865 1181 998 1261 amator,
1018 1178 1187 1242 imitator.

156 1263 216 1328 Ille
239 1265 322 1328 alter
343 1287 408 1328 uno
432 1265 513 1328 vitio
537 1265 644 1328 minus
667 1264 819 1348 vitiosus,
848 1266 935 1348 qnod
958 1265 1059 1350 iners,
1088 1267 1188 1350 quod

157 1353 262 1416 somni
280 1353 405 1437 plenus,
429 1354 516 1436 quod
534 1352 714 1437 imperitus,
733 1353 819 1436 quod
838 1353 1095 1438 ἀπρακτότατος,
1121 1355 1188 1418 sed
1281 1391 1282 1394 =

155 1441 324 1504 voluntate
346 1441 394 1504 ita
415 1440 585 1527 καχέκτης,
611 1444 649 1504 ut
670 1441 862 1525 Pompeium
884 1445 960 1524 post
987 1442 1079 1504 illam
1103 1463 1186 1506 con-

155 1528 289 1615 tionem,
311 1528 347 1592 in
365 1551 429 1612 qua
448 1529 488 1592 ab
508 1551 545 1593 eo
570 1533 701 1592 senatus
724 1529 873 1593 laudatus
897 1533 955 1614 est,
979 1530 1087 1594 odisse
1108 1551 1233 1596 coe-15

155 1617 249 1700 perit.
295 1615 410 1701 Itaque
440 1618 560 1681 mirum
590 1617 625 1680 in
656 1616 788 1680 modum
818 1639 929 1682 omnes
960 1640 978 1680 a
1009 1640 1043 1681 se
1070 1618 1183 1683 bonos

153 1705 318 1770 alienauit.
370 1704 484 1788 Neque
513 1705 547 1768 id
580 1705 684 1788 magis
717 1705 860 1768 amicitia
890 1703 983 1769 Clodi
1016 1706 1183 1770 adductus

74 1802 77 1806 “
155 1794 233 1858 fecit
267 1815 363 1876 quam
396 1794 504 1857 studio
534 1793 733 1876 perditarum
761 1815 869 1857 rerum
897 1798 993 1876 atque
1023 1794 1182 1878 partium.

157 1880 221 1945 Sed
238 1881 338 1945 habet
356 1881 407 1944 sui
426 1881 564 1944 similem
582 1881 618 1943 in
636 1881 881 1964 magistratibus
899 1885 1027 1965 praeter
1046 1881 1183 1946 Fufium

156 1969 325 2032 neminem.
380 1969 481 2032 Bonis
511 1969 635 2032 utimur
662 1969 803 2032 tribunis
833 1970 890 2054 pl,
921 1968 1067 2034 Cornuto
1098 1993 1181 2036 vero
1198 1998 1227 2036 ao

155 2055 399 2121 Pseudocatone
422 2057 538 2139 †quid
562 2057 709 2140 quaeris?

120 2159 136 2206 7
222 2142 319 2207 Nunc
340 2147 378 2206 ut
401 2144 442 2207 ad
464 2145 591 2227 privata
612 2145 755 2230 redeam,
781 2149 918 2231 Τεῦκρις
940 2145 1104 2229 promissa
1122 2169 1182 2229 pa-

155 2231 263 2294 travit.
314 2230 365 2294 Tu
394 2233 545 2295 mandata
575 2231 678 2318 effice,
711 2255 792 2315 quae
822 2233 981 2316 recepisti.
1033 2232 1181 2308 Quintus

154 2318 270 2404 frater,
310 2319 367 2402 qui
399 2317 583 2404 Argiletani
619 2320 755 2384 aedificii
788 2321 950 2404 reliquum
983 2321 1181 2386 dodrantem

155 2407 234 2470 emit
256 2406 312 2470 Hs
335 2410 488 2494 W,
511 2407 729 2472 Tusculanum
750 2409 910 2494 venditat,
932 2413 984 2493 ut,
1008 2409 1037 2473 si
1059 2412 1181 2495 possit,
1196 2437 1225 2478 aa

155 2499 240 2559 emat
269 2494 467 2558 Pacilianam
495 2496 634 2560 domum.
685 2495 767 2561 Cum
798 2496 936 2560 Lucceio
967 2497 1001 2560 in
1034 2498 1181 2582 gratiam

154 2583 243 2646 redii.
279 2581 382 2647 Video
405 2583 571 2648 hominem
595 2585 687 2649 valde
713 2585 891 2668 petiturire.
936 2583 1073 2649 Navabc
1102 2608 1180 2671 ope-

153 2692 231 2733 ram.
278 2669 328 2733 Tu
352 2671 429 2753 quid
448 2693 534 2756 agas,
556 2673 614 2736 ubi
633 2673 687 2758 sis,
709 2673 800 2736 cuius
818 2673 906 2737 modi
923 2673 1005 2736 istae
1023 2696 1076 2738 res
1100 2675 1180 2762 sint,

154 2757 206 2821 fac
235 2781 286 2822 me
315 2780 412 2840 quam
440 2759 687 2843 diligentissime
717 2761 893 2825 certiorem.
939 2759 1053 2825 Idibus
1080 2761 1177 2827 Febr.

626 2936 696 3001 XV.
1192 2968 1221 3008 eo

382 3054 438 3109 Scr.
459 3055 563 3109 Romae
580 3057 624 3110 Id.
645 3057 732 3111 Mart.
753 3061 854 3112 a..693
874 3061 943 3125 (61).

476 3177 604 3232 CICERO
624 3179 755 3234 ATTICO
776 3179 848 3234 SAL.

120 3302 133 3351 1
221 3284 333 3350 Asiam
357 3285 492 3373 Quinte,
516 3288 706 3352 suavissimo
730 3289 837 3367 fratri,
862 3289 1019 3374 obtigisse
1043 3291 1175 3356 audisti.
1282 3371 1283 3375 Ἰ

153 3373 230 3438 Non
253 3375 338 3439 enim
362 3376 490 3461 dubita,
513 3375 592 3458 quin
615 3376 750 3439 celerius
772 3377 835 3439 tibi
856 3376 919 3441 hoc
941 3399 1052 3441 rumor
1076 3400 1175 3462 quam

154 3463 253 3526 ullius
276 3467 425 3528 nostrum
447 3463 575 3528 litterae
597 3464 787 3527 nuntiarint.
833 3462 939 3550 Nunc,
962 3466 1117 3548 quoniam
1141 3473 1174 3532 et
1188 3495 1215 3536 aa
