2578 3886
187 149 255 214 320
524 148 561 200 Μ.
581 147 688 200 TULLI
707 144 897 200 CICERONIS

185 311 239 358 1111
256 291 342 377 Idus,
366 295 404 355 ut
423 291 471 354 ibi
491 312 604 374 essem,
623 290 709 376 dum,
728 312 810 373 quae
829 290 869 354 ad
887 288 1108 374 navigandum
1126 309 1216 370 opus

186 384 302 467 essent,
324 383 524 465 pararentur.
573 376 655 442 Oum
680 379 720 442 ad
743 378 855 442 villam
877 378 1050 462 venissem,
1072 377 1217 440 relatum

187 473 236 534 est
265 470 304 532 ad
334 490 385 532 me
413 467 618 531 centuriones
647 467 749 530 trium
777 466 977 551 cohortium,
1009 487 1090 548 quae
1118 463 1219 527 Pom-

186 557 268 642 peiis
293 560 378 641 sunt,
400 578 451 620 me
477 554 560 618 velle
583 555 742 638 postridie
761 555 941 618 convenire.
977 553 1068 616 Haec
1085 573 1218 615 mecum

186 644 329 710 Ninnius
352 648 473 728 noster,
496 643 579 705 velle
603 665 658 706 eos
682 643 764 706 mihi
789 665 823 707 se
848 646 880 705 et
900 642 1057 724 oppidum
1074 640 1217 704 tradere.
1243 667 1274 712 5,

187 733 233 798 Α1
252 754 312 817 ego
332 732 397 796 abii
416 731 575 814 postridie
595 753 613 793 1
632 731 710 794 villa
729 734 804 794 ante
821 730 988 816 11111111,111
1006 751 1059 793 me
1078 728 1217 792 omnino

187 822 237 885 illi
260 842 301 884 nc
324 820 479 884 viderent.
518 817 602 893 Quid
626 819 713 883 enim
731 822 799 882 erat
818 819 854 882 in
871 818 977 882 tribus
997 817 1217 881 cohortibus?

189 909 276 994 quid,
304 908 331 971 si
359 907 491 992 plures?
523 928 586 990 quo
616 907 794 991 apparatu?
837 904 988 990 Cogitavi
1016 904 1128 969 eadem
1154 905 1220 967 illa

189 997 353 1081 Caeliana,
386 1017 466 1079 quae
490 993 556 1078 legi
578 995 614 1058 in
637 995 777 1078 epistula
800 999 870 1079 tua,
899 1016 996 1077 quam
1020 993 1141 1077 accepi,
1174 993 1220 1055 si·
1274 956 1275 1048 l

187 1085 257 1149 mul
285 1088 317 1147 ct
344 1084 380 1147 in
407 1080 588 1146 Cumanum
616 1083 691 1147 veni
720 1083 832 1146 eodem
860 1083 925 1166 die,
957 1086 989 1146 et
1017 1081 1118 1144 simul
1140 1081 1221 1144 fieri
1235 1109 1255 1146 1

189 1175 327 1257 poterat,
356 1175 394 1235 ut
417 1174 658 1255 temptaremur.
705 1169 842 1235 Omnem
864 1171 968 1255 igitur
992 1168 1220 1253 suspicionem

153 1259 316 1326 osustuli.
363 1258 439 1344 Sed,
471 1259 548 1323 dum
580 1259 688 1343 rede0,
720 1259 917 1323 Hortensius
948 1261 1081 1322 venerat
1111 1261 1144 1321 et
1175 1258 1222 1320 ad

189 1348 374 1412 Terentiam
407 1348 585 1411 salutatum
616 1348 804 1412 deverterat.
852 1346 1005 1411 Sermone
1034 1349 1104 1409 1111
1132 1367 1220 1408 usus

188 1436 366 1500 honorifico
391 1456 467 1520 erga
489 1458 549 1500 me.
595 1433 767 1520 1111111111,
790 1439 827 1498 ut
852 1438 943 1519 puto,
966 1434 1097 1518 videb03
1120 1433 1221 1497 misit

189 1525 275 1588 enim
302 1546 439 1609 puerum
469 1545 502 1587 se
533 1524 573 1586 ad
599 1546 651 1587 me
679 1524 796 1588 venire.
842 1523 914 1587 Hoc
939 1522 1071 1606 quidem
1094 1521 1220 1586 melius
1234 1549 1255 1588 s

189 1635 287 1696 quam
309 1613 433 1697 collega
455 1616 567 1676 noster
585 1610 760 1697 Antonius,
784 1612 875 1675 cuius
894 1612 980 1675 inter
999 1610 1133 1674 lictores
1151 1610 1220 1674 leo-

189 1703 254 1765 tica
277 1702 375 1765 mima
399 1704 557 1783 portatur,

153 1808 169 1856 6
256 1789 319 1874 Tu,
351 1789 505 1871 quoniam
537 1791 695 1872 quartana
731 1809 819 1851 cares
847 1791 880 1851 et
908 1809 1029 1851 novum
1058 1787 1220 1850 morbum

189 1877 371 1961 removisti,
397 1877 475 1940 seda
498 1877 596 1940 etiam
620 1876 826 1961 gravedinem
854 1880 950 1958 teque
978 1877 1135 1958 vegetum
1158 1896 1220 1938 no

188 1967 240 2030 bis
263 1966 298 2028 in
322 1963 456 2028 Graecia
480 1965 559 2029 siste
583 1968 616 2028 et
639 1965 822 2028 litterarum
846 1963 969 2047 aliquid
992 1962 1127 2027 interea.
1233 1991 1255 2028 so

646 2138 752 2203 XVII.

352 2261 409 2316 Sor.
424 2263 456 2316 in
476 2261 600 2315 Cumano
619 2261 718 2313 XVII
733 2260 769 2314 K.
784 2263 849 2316 Iun.
865 2279 891 2315 a.
908 2263 963 2315 705
983 2261 1052 2327 (49).

497 2382 643 2438 CICERO
660 2383 808 2439 ATTICO
826 2383 909 2439 SAL.

155 2510 170 2558 1
251 2493 302 2556 Ρ1.
326 2492 402 2556 Idus
430 2489 625 2555 Hortensius
657 2492 772 2556 adme
800 2492 890 2556 venit
919 2491 1039 2573 scripta
1062 2491 1221 2573 epistula.

191 2580 318 2645 Vellem
345 2582 480 2663 †cetera
508 2579 590 2666 eius,
618 2602 716 2662 quam
745 2581 780 2643 in
808 2602 858 2643 me
881 2578 1105 2643 incredibilem
1130 2578 1222 2644 ἐκτέ-
1235 2605 1258 2646 n

191 2671 298 2733 veruo!
336 2666 405 2742 Qua
429 2667 559 2750 quidem
583 2669 691 2752 cogito
715 2669 774 2732 uti.
812 2666 936 2731 Deinde
961 2664 1120 2749 Serapion
1139 2689 1218 2732 cum

192 2755 331 2839 epistula
353 2759 419 2819 tua.
462 2753 565 2830 Quam
588 2757 779 2839 priusquam
806 2755 1012 2838 aperuissem,
1035 2753 1103 2816 dixi
1128 2756 1160 2818 ei
1185 2760 1220 2819 te

191 2845 231 2908 ad
253 2865 304 2907 me
327 2842 365 2906 de
389 2865 425 2906 eo
450 2843 618 2925 scripsisse
643 2849 745 2927 111111,
768 2847 806 2906 ut
829 2844 958 2906 feceras.
999 2841 1125 2906 Deinde
1149 2845 1221 2926 epi-

192 2932 278 2994 stula
300 2930 384 2993 lecta
407 2931 662 2995 cumulatissime
683 2936 795 2995 cetera.
833 2931 879 2995 Et
897 2931 1026 2995 hercule
1044 2930 1219 2994 bominem

190 3018 308 3102 probo3
326 3040 402 3080 nam
421 3022 454 3082 et
473 3019 604 3082 doctum
623 3024 655 3084 11
674 3021 813 3103 probum
832 3019 999 3102 existim03
1019 3017 1218 3101 quinetiam
1235 3048 1258 3086 1ο

190 3105 266 3169 navi
289 3105 359 3168 eius
382 3128 433 3169 me
457 3110 490 3170 et
513 3107 584 3190 ipso
608 3112 797 3172 convectore
821 3129 957 3171 usurum
979 3110 1069 3191 puto.

156 3211 172 3259 2
260 3191 381 3257 Crebro
400 3194 530 3259 refricat
548 3196 710 3279 lippitudo
728 3218 796 3259 non
813 3196 871 3260 illa
890 3195 1020 3279 quidem
1033 3195 1218 3280 perodiosa,

193 3281 247 3347 sed
273 3286 383 3346 tamen
407 3305 488 3366 quae
512 3283 666 3366 impediat
690 3284 898 3367 scriptionem
921 3305 1034 3348 meam.
1081 3281 1218 3347 Valetu-

192 3371 299 3434 dinem
327 3373 416 3434 tuam
440 3370 505 3433 iam
528 3372 751 3436 confirmatam
775 3394 844 3436 esse
868 3377 900 3436 et
924 3395 943 3435 a
964 3375 1072 3436 vetere
1096 3372 1215 3436 morbo

192 3462 225 3522 et
249 3482 267 3522 a
290 3459 382 3522 novis
406 3460 675 3543 temptationibus
700 3460 834 3544 gaudeo.
1232 3485 1259 3527 11
