<?xml version="1.0" encoding="UTF-8"?>
<!DOCTYPE html PUBLIC "-//W3C//DTD XHTML 1.0 Transitional//EN"
    "http://www.w3.org/TR/xhtml1/DTD/xhtml1-transitional.dtd">
<html xmlns="http://www.w3.org/1999/xhtml" xml:lang="en" lang="en">
 <head>
  <title>
</title>
<meta http-equiv="Content-Type" content="text/html;charset=utf-8" />
  <meta name='ocr-system' content='tesseract 3.04.00' />
  <meta name='ocr-capabilities' content='ocr_page ocr_carea ocr_par ocr_line ocrx_word'/>
</head>
<body>
  <div class='ocr_page' id='page_1' title='image "./scriptaquaemans00mullgoog_0330.png"; bbox 0 0 2586 3886; ppageno 0'>
   <div class='ocr_carea' id='block_1_1' title="bbox 320 176 1134 243">
    <p class='ocr_par' dir='ltr' id='par_1_1' title="bbox 320 176 1134 243">
     <span class='ocr_line' id='line_1_1' title="bbox 320 176 1134 243; baseline 0.017 -14"><span class='ocrx_word' id='word_1_1' title='bbox 320 176 579 231; x_wconf 82' lang='lat' dir='ltr'><strong>EPISTULARUM</strong></span> <span class='ocrx_word' id='word_1_2' title='bbox 597 176 647 230; x_wconf 83' lang='lat' dir='ltr'>AD</span> <span class='ocrx_word' id='word_1_3' title='bbox 667 176 829 231; x_wconf 82' lang='lat' dir='ltr'><strong>ATTICUM</strong></span> <span class='ocrx_word' id='word_1_4' title='bbox 848 177 887 230; x_wconf 92' lang='lat' dir='ltr'>VI</span> <span class='ocrx_word' id='word_1_5' title='bbox 907 183 930 233; x_wconf 90' lang='lat'>1.</span> <span class='ocrx_word' id='word_1_6' title='bbox 1070 179 1134 243; x_wconf 84' lang='grc'>165</span> 
     </span>
    </p>
   </div>
   <div class='ocr_carea' id='block_1_2' title="bbox 15 319 1189 3582">
    <p class='ocr_par' dir='ltr' id='par_1_2' title="bbox 107 319 1136 406">
     <span class='ocr_line' id='line_1_2' title="bbox 107 319 1136 406; baseline 0.003 -22"><span class='ocrx_word' id='word_1_7' title='bbox 107 321 180 385; x_wconf 89' lang='lat' dir='ltr'>cito</span> <span class='ocrx_word' id='word_1_8' title='bbox 199 319 340 384; x_wconf 83' lang='lat' dir='ltr'>decedo?</span> <span class='ocrx_word' id='word_1_9' title='bbox 377 320 496 406; x_wconf 91' lang='lat' dir='ltr'>Magna</span> <span class='ocrx_word' id='word_1_10' title='bbox 515 321 611 385; x_wconf 90' lang='lat' dir='ltr'>turba</span> <span class='ocrx_word' id='word_1_11' title='bbox 630 325 687 384; x_wconf 89' lang='lat' dir='ltr'>est.</span> <span class='ocrx_word' id='word_1_12' title='bbox 726 320 808 384; x_wconf 91' lang='lat' dir='ltr'><strong>Mihi</strong></span> <span class='ocrx_word' id='word_1_13' title='bbox 827 326 935 385; x_wconf 89' lang='lat' dir='ltr'>tamen</span> <span class='ocrx_word' id='word_1_14' title='bbox 955 343 1027 386; x_wconf 90' lang='lat' dir='ltr'>cum</span> <span class='ocrx_word' id='word_1_15' title='bbox 1040 321 1136 387; x_wconf 88' lang='lat' dir='ltr'>Deio-</span> 
     </span>
    </p>

    <p class='ocr_par' dir='ltr' id='par_1_3' title="bbox 107 409 1134 493">
     <span class='ocr_line' id='line_1_3' title="bbox 107 409 1134 493; baseline 0.002 -21"><span class='ocrx_word' id='word_1_16' title='bbox 107 413 187 473; x_wconf 88' lang='lat' dir='ltr'>taro</span> <span class='ocrx_word' id='word_1_17' title='bbox 216 409 380 493; x_wconf 81' lang='lat' dir='ltr'>convenit,</span> <span class='ocrx_word' id='word_1_18' title='bbox 407 413 445 473; x_wconf 92' lang='lat' dir='ltr'>ut</span> <span class='ocrx_word' id='word_1_19' title='bbox 473 409 529 472; x_wconf 89' lang='lat' dir='ltr'>ille</span> <span class='ocrx_word' id='word_1_20' title='bbox 555 409 590 473; x_wconf 91' lang='lat' dir='ltr'>in</span> <span class='ocrx_word' id='word_1_21' title='bbox 621 410 701 473; x_wconf 89' lang='lat' dir='ltr'>meis</span> <span class='ocrx_word' id='word_1_22' title='bbox 726 409 840 473; x_wconf 88' lang='lat' dir='ltr'>castris</span> <span class='ocrx_word' id='word_1_23' title='bbox 864 413 948 473; x_wconf 88' lang='lat' dir='ltr'>esset</span> <span class='ocrx_word' id='word_1_24' title='bbox 972 431 1044 474; x_wconf 92' lang='lat' dir='ltr'>cum</span> <span class='ocrx_word' id='word_1_25' title='bbox 1067 411 1134 474; x_wconf 90' lang='lat' dir='ltr'>suis</span> 
     </span>
    </p>

    <p class='ocr_par' dir='ltr' id='par_1_4' title="bbox 108 496 1134 582">
     <span class='ocr_line' id='line_1_4' title="bbox 108 496 1134 582; baseline 0 -20"><span class='ocrx_word' id='word_1_26' title='bbox 108 497 218 581; x_wconf 88' lang='lat' dir='ltr'>copiis</span> <span class='ocrx_word' id='word_1_27' title='bbox 239 496 397 562; x_wconf 87' lang='lat' dir='ltr'>omnibus.</span> <span class='ocrx_word' id='word_1_28' title='bbox 435 496 544 561; x_wconf 89' lang='lat' dir='ltr'>Habet</span> <span class='ocrx_word' id='word_1_29' title='bbox 563 501 672 562; x_wconf 88' lang='lat' dir='ltr'>autem</span> <span class='ocrx_word' id='word_1_30' title='bbox 686 498 834 562; x_wconf 75' lang='lat' dir='ltr'>cohortes</span> <span class='ocrx_word' id='word_1_31' title='bbox 849 497 1134 582; x_wconf 77' lang='lat' dir='ltr'>quadringenarias</span> 
     </span>
    </p>

    <p class='ocr_par' dir='ltr' id='par_1_5' title="bbox 15 585 1134 671">
     <span class='ocr_line' id='line_1_5' title="bbox 15 585 1134 671; baseline 0.001 -23"><span class='ocrx_word' id='word_1_32' title='bbox 15 633 16 666; x_wconf 68' lang='lat'><em>÷</em></span> <span class='ocrx_word' id='word_1_33' title='bbox 109 589 230 649; x_wconf 89' lang='lat' dir='ltr'>nostra</span> <span class='ocrx_word' id='word_1_34' title='bbox 256 589 418 650; x_wconf 88' lang='lat' dir='ltr'>armatura</span> <span class='ocrx_word' id='word_1_35' title='bbox 443 603 525 669; x_wconf 82' lang='lat' dir='ltr'>xxx,</span> <span class='ocrx_word' id='word_1_36' title='bbox 549 586 693 671; x_wconf 89' lang='lat' dir='ltr'>equitum</span> <span class='ocrx_word' id='word_1_37' title='bbox 717 602 771 651; x_wconf 80' lang='lat'>010</span> <span class='ocrx_word' id='word_1_38' title='bbox 797 603 860 653; x_wconf 81' lang='lat'>010.</span> <span class='ocrx_word' id='word_1_39' title='bbox 906 585 980 650; x_wconf 82' lang='lat' dir='ltr'>Erit</span> <span class='ocrx_word' id='word_1_40' title='bbox 1003 587 1044 650; x_wconf 88' lang='lat' dir='ltr'>ad</span> <span class='ocrx_word' id='word_1_41' title='bbox 1066 608 1134 650; x_wconf 87' lang='lat' dir='ltr'>sus-</span> 
     </span>
    </p>

    <p class='ocr_par' dir='ltr' id='par_1_6' title="bbox 82 673 1134 1024">
     <span class='ocr_line' id='line_1_6' title="bbox 82 673 1133 760; baseline -0.003 -20"><span class='ocrx_word' id='word_1_42' title='bbox 82 673 323 759; x_wconf 80' lang='lat' dir='ltr'>stentandum,</span> <span class='ocrx_word' id='word_1_43' title='bbox 346 674 453 758; x_wconf 90' lang='lat' dir='ltr'>quoad</span> <span class='ocrx_word' id='word_1_44' title='bbox 475 673 649 757; x_wconf 88' lang='lat' dir='ltr'>Pompeius</span> <span class='ocrx_word' id='word_1_45' title='bbox 672 674 793 758; x_wconf 81' lang='lat' dir='ltr'>veniat3</span> <span class='ocrx_word' id='word_1_46' title='bbox 822 673 878 758; x_wconf 89' lang='lat' dir='ltr'>qui</span> <span class='ocrx_word' id='word_1_47' title='bbox 901 674 1029 760; x_wconf 86' lang='lat' dir='ltr'>litteris,</span> <span class='ocrx_word' id='word_1_48' title='bbox 1054 695 1133 757; x_wconf 88' lang='lat' dir='ltr'>quas</span> 
     </span>
     <span class='ocr_line' id='line_1_7' title="bbox 112 761 1134 848; baseline 0.005 -23"><span class='ocrx_word' id='word_1_49' title='bbox 112 762 157 825; x_wconf 89' lang='lat' dir='ltr'>ad</span> <span class='ocrx_word' id='word_1_50' title='bbox 175 784 228 827; x_wconf 90' lang='lat' dir='ltr'>me</span> <span class='ocrx_word' id='word_1_51' title='bbox 247 763 360 847; x_wconf 87' lang='lat' dir='ltr'>mittit,</span> <span class='ocrx_word' id='word_1_52' title='bbox 381 761 542 846; x_wconf 86' lang='lat' dir='ltr'>signifieat</span> <span class='ocrx_word' id='word_1_53' title='bbox 562 785 657 826; x_wconf 91' lang='lat' dir='ltr'>suum</span> <span class='ocrx_word' id='word_1_54' title='bbox 669 763 837 848; x_wconf 76' lang='lat' dir='ltr'>negotium</span> <span class='ocrx_word' id='word_1_55' title='bbox 851 763 932 826; x_wconf 88' lang='lat' dir='ltr'>illud</span> <span class='ocrx_word' id='word_1_56' title='bbox 945 764 1022 827; x_wconf 85' lang='lat' dir='ltr'>fore.</span> <span class='ocrx_word' id='word_1_57' title='bbox 1058 761 1134 830; x_wconf 86' lang='lat' dir='ltr'>Hie.-</span> 
     </span>
     <span class='ocr_line' id='line_1_8' title="bbox 110 848 1134 936; baseline -0.001 -22"><span class='ocrx_word' id='word_1_58' title='bbox 110 854 209 914; x_wconf 90' lang='lat' dir='ltr'>mant</span> <span class='ocrx_word' id='word_1_59' title='bbox 226 849 262 914; x_wconf 91' lang='lat' dir='ltr'>in</span> <span class='ocrx_word' id='word_1_60' title='bbox 279 855 392 914; x_wconf 90' lang='lat' dir='ltr'>nostra</span> <span class='ocrx_word' id='word_1_61' title='bbox 410 851 576 934; x_wconf 86' lang='lat' dir='ltr'>provincia</span> <span class='ocrx_word' id='word_1_62' title='bbox 593 849 720 936; x_wconf 83' lang='lat' dir='ltr'>Parthi3</span> <span class='ocrx_word' id='word_1_63' title='bbox 743 854 949 934; x_wconf 86' lang='lat' dir='ltr'>exspectatur</span> <span class='ocrx_word' id='word_1_64' title='bbox 966 851 1036 934; x_wconf 89' lang='lat' dir='ltr'>ipse</span> <span class='ocrx_word' id='word_1_65' title='bbox 1055 848 1134 914; x_wconf 92' lang='lat' dir='ltr'>Oro-</span> 
     </span>
     <span class='ocr_line' id='line_1_9' title="bbox 113 937 950 1024; baseline 0 -22"><span class='ocrx_word' id='word_1_66' title='bbox 113 939 181 1002; x_wconf 90' lang='lat' dir='ltr'>des.</span> <span class='ocrx_word' id='word_1_67' title='bbox 229 937 312 1015; x_wconf 85' lang='lat' dir='ltr'>Quid</span> <span class='ocrx_word' id='word_1_68' title='bbox 335 938 484 1022; x_wconf 81' lang='lat' dir='ltr'>quaeris?</span> <span class='ocrx_word' id='word_1_69' title='bbox 521 939 723 1023; x_wconf 90' lang='lat' dir='ltr'>aliquantum</span> <span class='ocrx_word' id='word_1_70' title='bbox 746 943 796 1002; x_wconf 89' lang='lat' dir='ltr'>est</span> <span class='ocrx_word' id='word_1_71' title='bbox 818 939 950 1024; x_wconf 91' lang='lat' dir='ltr'>negotii.</span> 
     </span>
    </p>

    <p class='ocr_par' dir='ltr' id='par_1_7' title="bbox 70 1025 1186 1553">
     <span class='ocr_line' id='line_1_10' title="bbox 185 1025 1186 1110; baseline -0.001 -19"><span class='ocrx_word' id='word_1_72' title='bbox 185 1026 234 1091; x_wconf 87' lang='lat' dir='ltr'>De</span> <span class='ocrx_word' id='word_1_73' title='bbox 261 1025 373 1090; x_wconf 90' lang='lat' dir='ltr'>Bibuli</span> <span class='ocrx_word' id='word_1_74' title='bbox 401 1026 506 1091; x_wconf 88' lang='lat' dir='ltr'>edicto</span> <span class='ocrx_word' id='word_1_75' title='bbox 534 1026 617 1090; x_wconf 87' lang='lat' dir='ltr'>nihil</span> <span class='ocrx_word' id='word_1_76' title='bbox 644 1027 720 1091; x_wconf 79' lang='lat' dir='ltr'>novi</span> <span class='ocrx_word' id='word_1_77' title='bbox 747 1031 875 1110; x_wconf 88' lang='lat' dir='ltr'>praeter</span> <span class='ocrx_word' id='word_1_78' title='bbox 902 1027 993 1101; x_wconf 84' lang='lat' dir='ltr'>illam</span> <span class='ocrx_word' id='word_1_79' title='bbox 1023 1042 1186 1110; x_wconf 85' lang='lat' dir='ltr'>excep-15</span> 
     </span>
     <span class='ocr_line' id='line_1_11' title="bbox 70 1114 1134 1200; baseline -0.001 -20"><span class='ocrx_word' id='word_1_80' title='bbox 70 1114 254 1199; x_wconf 77' lang='lat' dir='ltr'>rationem,</span> <span class='ocrx_word' id='word_1_81' title='bbox 281 1115 320 1178; x_wconf 88' lang='lat' dir='ltr'>de</span> <span class='ocrx_word' id='word_1_82' title='bbox 348 1137 411 1199; x_wconf 90' lang='lat' dir='ltr'>qua</span> <span class='ocrx_word' id='word_1_83' title='bbox 442 1119 480 1179; x_wconf 93' lang='lat' dir='ltr'>tu</span> <span class='ocrx_word' id='word_1_84' title='bbox 507 1116 547 1179; x_wconf 90' lang='lat' dir='ltr'>ad</span> <span class='ocrx_word' id='word_1_85' title='bbox 573 1137 625 1178; x_wconf 88' lang='lat' dir='ltr'>me</span> <span class='ocrx_word' id='word_1_86' title='bbox 653 1115 840 1200; x_wconf 70' lang='lat' dir='ltr'>scripseraS,</span> <span class='ocrx_word' id='word_1_87' title='bbox 868 1115 994 1180; x_wconf 75' lang='lat' dir='ltr'>‘nimis</span> <span class='ocrx_word' id='word_1_88' title='bbox 1021 1117 1134 1200; x_wconf 83' lang='lat' dir='ltr'>gravi</span> 
     </span>
     <span class='ocr_line' id='line_1_12' title="bbox 113 1202 1134 1288; baseline 0.001 -21"><span class='ocrx_word' id='word_1_89' title='bbox 113 1202 358 1288; x_wconf 85' lang='lat' dir='ltr'>praeiudicio</span> <span class='ocrx_word' id='word_1_90' title='bbox 394 1203 433 1266; x_wconf 90' lang='lat' dir='ltr'>in</span> <span class='ocrx_word' id='word_1_91' title='bbox 466 1203 641 1267; x_wconf 84' lang='lat' dir='ltr'>ordinem</span> <span class='ocrx_word' id='word_1_92' title='bbox 673 1204 868 1268; x_wconf 91' lang='lat' dir='ltr'>nostrum&#39;.</span> <span class='ocrx_word' id='word_1_93' title='bbox 918 1203 991 1288; x_wconf 79' lang='lat' dir='ltr'>Ego</span> <span class='ocrx_word' id='word_1_94' title='bbox 1024 1206 1134 1268; x_wconf 88' lang='lat' dir='ltr'>tamen</span> 
     </span>
     <span class='ocr_line' id='line_1_13' title="bbox 112 1287 1133 1376; baseline 0 -20"><span class='ocrx_word' id='word_1_95' title='bbox 112 1292 222 1356; x_wconf 87' lang='lat' dir='ltr'>habeo</span> <span class='ocrx_word' id='word_1_96' title='bbox 247 1292 526 1376; x_wconf 77' lang='grc' dir='ltr'><strong><em>ἰσοδυναμοῦσαν,</em></strong></span> <span class='ocrx_word' id='word_1_97' title='bbox 550 1292 605 1356; x_wconf 92' lang='lat' dir='ltr'>sed</span> <span class='ocrx_word' id='word_1_98' title='bbox 630 1292 807 1376; x_wconf 88' lang='lat' dir='ltr'>tectiorem,</span> <span class='ocrx_word' id='word_1_99' title='bbox 830 1314 868 1356; x_wconf 86' lang='lat' dir='ltr'>ex</span> <span class='ocrx_word' id='word_1_100' title='bbox 894 1287 928 1367; x_wconf 91' lang='lat' dir='ltr'>Q.</span> <span class='ocrx_word' id='word_1_101' title='bbox 948 1291 1036 1356; x_wconf 88' lang='lat' dir='ltr'>Muci</span> <span class='ocrx_word' id='word_1_102' title='bbox 1057 1291 1092 1356; x_wconf 92' lang='lat' dir='ltr'>P.</span> <span class='ocrx_word' id='word_1_103' title='bbox 1111 1292 1133 1356; x_wconf 87' lang='lat' dir='ltr'>f.</span> 
     </span>
     <span class='ocr_line' id='line_1_14' title="bbox 115 1378 1134 1464; baseline 0 -20"><span class='ocrx_word' id='word_1_104' title='bbox 115 1380 222 1444; x_wconf 83' lang='lat' dir='ltr'>edicto</span> <span class='ocrx_word' id='word_1_105' title='bbox 237 1378 391 1464; x_wconf 84' lang='lat' dir='ltr'>Asiatico,</span> <span class='ocrx_word' id='word_1_106' title='bbox 409 1379 535 1444; x_wconf 73' lang='lat' dir='ltr'>nram</span> <span class='ocrx_word' id='word_1_107' title='bbox 551 1397 649 1456; x_wconf 74' lang='lat' dir='ltr'>evan</span> <span class='ocrx_word' id='word_1_108' title='bbox 668 1395 699 1444; x_wconf 92' lang='lat' dir='ltr'>s1</span> <span class='ocrx_word' id='word_1_109' title='bbox 717 1397 778 1444; x_wconf 76' lang='lat' dir='ltr'>1rr</span> <span class='ocrx_word' id='word_1_110' title='bbox 791 1396 976 1444; x_wconf 80' lang='lat' dir='ltr'>uncorrvn</span> <span class='ocrx_word' id='word_1_111' title='bbox 991 1397 1134 1444; x_wconf 81' lang='lat' dir='ltr'>easrvn</span> 
     </span>
     <span class='ocr_line' id='line_1_15' title="bbox 115 1469 1134 1553; baseline -0.001 -21"><span class='ocrx_word' id='word_1_112' title='bbox 115 1484 194 1553; x_wconf 78' lang='lat' dir='ltr'>usn,</span> <span class='ocrx_word' id='word_1_113' title='bbox 212 1484 259 1532; x_wconf 82' lang='lat' dir='ltr'>vr</span> <span class='ocrx_word' id='word_1_114' title='bbox 278 1484 325 1533; x_wconf 82' lang='lat' dir='ltr'>no</span> <span class='ocrx_word' id='word_1_115' title='bbox 345 1483 448 1532; x_wconf 76' lang='lat' dir='ltr'>suam</span> <span class='ocrx_word' id='word_1_116' title='bbox 465 1484 538 1532; x_wconf 79' lang='lat' dir='ltr'>nou</span> <span class='ocrx_word' id='word_1_117' title='bbox 559 1484 745 1533; x_wconf 77' lang='lat' dir='ltr'>oronrnrr</span> <span class='ocrx_word' id='word_1_118' title='bbox 765 1486 813 1532; x_wconf 81' lang='lat' dir='ltr'>nx</span> <span class='ocrx_word' id='word_1_119' title='bbox 831 1486 915 1531; x_wconf 79' lang='lat' dir='ltr'>rina</span> <span class='ocrx_word' id='word_1_120' title='bbox 935 1484 1039 1552; x_wconf 72' lang='lat' dir='ltr'>nour,</span> <span class='ocrx_word' id='word_1_121' title='bbox 1053 1469 1134 1532; x_wconf 87' lang='lat' dir='ltr'>mul-</span> 
     </span>
    </p>

    <p class='ocr_par' dir='ltr' id='par_1_8' title="bbox 74 1554 1136 1992">
     <span class='ocr_line' id='line_1_16' title="bbox 74 1554 1134 1640; baseline -0.004 -18"><span class='ocrx_word' id='word_1_122' title='bbox 74 1582 101 1622; x_wconf 84' lang='lat'>15</span> <span class='ocrx_word' id='word_1_123' title='bbox 115 1560 217 1640; x_wconf 89' lang='lat' dir='ltr'>taque</span> <span class='ocrx_word' id='word_1_124' title='bbox 242 1577 314 1619; x_wconf 83' lang='lat' dir='ltr'>sum</span> <span class='ocrx_word' id='word_1_125' title='bbox 338 1560 465 1619; x_wconf 89' lang='lat' dir='ltr'>secutus</span> <span class='ocrx_word' id='word_1_126' title='bbox 490 1554 668 1639; x_wconf 85' lang='lat' dir='ltr'>Scaevolae,</span> <span class='ocrx_word' id='word_1_127' title='bbox 691 1555 726 1619; x_wconf 92' lang='lat' dir='ltr'>in</span> <span class='ocrx_word' id='word_1_128' title='bbox 749 1555 789 1618; x_wconf 93' lang='lat' dir='ltr'>iis</span> <span class='ocrx_word' id='word_1_129' title='bbox 812 1556 904 1639; x_wconf 88' lang='lat' dir='ltr'>illud,</span> <span class='ocrx_word' id='word_1_130' title='bbox 926 1555 963 1618; x_wconf 92' lang='lat' dir='ltr'>in</span> <span class='ocrx_word' id='word_1_131' title='bbox 986 1577 1050 1639; x_wconf 94' lang='lat' dir='ltr'>quo</span> <span class='ocrx_word' id='word_1_132' title='bbox 1071 1555 1134 1619; x_wconf 90' lang='lat' dir='ltr'>sibi</span> 
     </span>
     <span class='ocr_line' id='line_1_17' title="bbox 116 1641 1135 1728; baseline -0.002 -20"><span class='ocrx_word' id='word_1_133' title='bbox 116 1644 304 1708; x_wconf 89' lang='lat' dir='ltr'>libertatem</span> <span class='ocrx_word' id='word_1_134' title='bbox 331 1648 462 1708; x_wconf 90' lang='lat' dir='ltr'>censent</span> <span class='ocrx_word' id='word_1_135' title='bbox 489 1641 602 1709; x_wconf 80' lang='lat' dir='ltr'>Graeci</span> <span class='ocrx_word' id='word_1_136' title='bbox 631 1644 751 1728; x_wconf 90' lang='lat' dir='ltr'>datam,</span> <span class='ocrx_word' id='word_1_137' title='bbox 782 1648 821 1706; x_wconf 91' lang='lat' dir='ltr'>ut</span> <span class='ocrx_word' id='word_1_138' title='bbox 850 1641 962 1707; x_wconf 76' lang='lat' dir='ltr'>Graeci</span> <span class='ocrx_word' id='word_1_139' title='bbox 989 1644 1073 1707; x_wconf 91' lang='lat' dir='ltr'>inter</span> <span class='ocrx_word' id='word_1_140' title='bbox 1101 1665 1135 1706; x_wconf 89' lang='lat' dir='ltr'>se</span> 
     </span>
     <span class='ocr_line' id='line_1_18' title="bbox 117 1731 1135 1817; baseline -0.002 -21"><span class='ocrx_word' id='word_1_141' title='bbox 117 1733 298 1816; x_wconf 88' lang='lat' dir='ltr'>disceptent</span> <span class='ocrx_word' id='word_1_142' title='bbox 336 1732 402 1796; x_wconf 87' lang='lat' dir='ltr'>suis</span> <span class='ocrx_word' id='word_1_143' title='bbox 439 1733 575 1817; x_wconf 88' lang='lat' dir='ltr'>legibus.</span> <span class='ocrx_word' id='word_1_144' title='bbox 627 1731 729 1797; x_wconf 79' lang='lat' dir='ltr'>Breve</span> <span class='ocrx_word' id='word_1_145' title='bbox 766 1736 876 1796; x_wconf 89' lang='lat' dir='ltr'>autem</span> <span class='ocrx_word' id='word_1_146' title='bbox 912 1731 1053 1795; x_wconf 89' lang='lat' dir='ltr'>edictum</span> <span class='ocrx_word' id='word_1_147' title='bbox 1085 1735 1135 1794; x_wconf 89' lang='lat' dir='ltr'>est</span> 
     </span>
     <span class='ocr_line' id='line_1_19' title="bbox 118 1819 1134 1907; baseline -0.003 -23"><span class='ocrx_word' id='word_1_148' title='bbox 118 1825 253 1905; x_wconf 88' lang='lat' dir='ltr'>propter</span> <span class='ocrx_word' id='word_1_149' title='bbox 275 1820 358 1884; x_wconf 90' lang='lat' dir='ltr'>hano</span> <span class='ocrx_word' id='word_1_150' title='bbox 380 1842 484 1884; x_wconf 88' lang='lat' dir='ltr'>meam</span> <span class='ocrx_word' id='word_1_151' title='bbox 508 1821 681 1907; x_wconf 78' lang='grc' dir='ltr'><em>διαίρεσιν,</em></span> <span class='ocrx_word' id='word_1_152' title='bbox 705 1820 791 1904; x_wconf 93' lang='lat' dir='ltr'>quod</span> <span class='ocrx_word' id='word_1_153' title='bbox 813 1820 939 1884; x_wconf 91' lang='lat' dir='ltr'>duobus</span> <span class='ocrx_word' id='word_1_154' title='bbox 963 1819 1134 1903; x_wconf 88' lang='lat' dir='ltr'>generibus</span> 
     </span>
     <span class='ocr_line' id='line_1_20' title="bbox 120 1906 1136 1992; baseline -0.003 -20"><span class='ocrx_word' id='word_1_155' title='bbox 120 1909 308 1974; x_wconf 87' lang='lat' dir='ltr'>edicendum</span> <span class='ocrx_word' id='word_1_156' title='bbox 331 1909 450 1992; x_wconf 82' lang='lat' dir='ltr'>putavi.</span> <span class='ocrx_word' id='word_1_157' title='bbox 497 1908 641 1984; x_wconf 88' lang='lat' dir='ltr'>Quorum</span> <span class='ocrx_word' id='word_1_158' title='bbox 662 1931 763 1972; x_wconf 92' lang='lat' dir='ltr'>unum</span> <span class='ocrx_word' id='word_1_159' title='bbox 786 1912 836 1972; x_wconf 88' lang='lat' dir='ltr'>est</span> <span class='ocrx_word' id='word_1_160' title='bbox 859 1907 1070 1991; x_wconf 81' lang='lat' dir='ltr'>provinciale,</span> <span class='ocrx_word' id='word_1_161' title='bbox 1099 1906 1136 1970; x_wconf 94' lang='lat' dir='ltr'>in</span> 
     </span>
    </p>

    <p class='ocr_par' dir='ltr' id='par_1_9' title="bbox 78 1994 1136 2436">
     <span class='ocr_line' id='line_1_21' title="bbox 78 1994 1134 2082; baseline -0.004 -20"><span class='ocrx_word' id='word_1_162' title='bbox 78 2025 105 2062; x_wconf 76' lang='lat' dir='ltr'>ao</span> <span class='ocrx_word' id='word_1_163' title='bbox 120 2019 184 2082; x_wconf 92' lang='lat' dir='ltr'>quo</span> <span class='ocrx_word' id='word_1_164' title='bbox 213 2002 263 2062; x_wconf 88' lang='lat' dir='ltr'>est</span> <span class='ocrx_word' id='word_1_165' title='bbox 293 1998 331 2060; x_wconf 86' lang='lat' dir='ltr'>de</span> <span class='ocrx_word' id='word_1_166' title='bbox 359 1997 539 2061; x_wconf 86' lang='lat' dir='ltr'>rationibus</span> <span class='ocrx_word' id='word_1_167' title='bbox 569 1997 751 2082; x_wconf 83' lang='lat' dir='ltr'>civitatum,</span> <span class='ocrx_word' id='word_1_168' title='bbox 783 1997 822 2060; x_wconf 88' lang='lat' dir='ltr'>de</span> <span class='ocrx_word' id='word_1_169' title='bbox 851 2018 922 2060; x_wconf 88' lang='lat' dir='ltr'>aere</span> <span class='ocrx_word' id='word_1_170' title='bbox 950 1995 1068 2080; x_wconf 87' lang='lat' dir='ltr'>alieno,</span> <span class='ocrx_word' id='word_1_171' title='bbox 1096 1994 1134 2058; x_wconf 91' lang='lat' dir='ltr'>de</span> 
     </span>
     <span class='ocr_line' id='line_1_22' title="bbox 119 2083 1136 2171; baseline -0.004 -21"><span class='ocrx_word' id='word_1_172' title='bbox 119 2107 232 2170; x_wconf 88' lang='lat' dir='ltr'>usura,</span> <span class='ocrx_word' id='word_1_173' title='bbox 260 2086 299 2150; x_wconf 92' lang='lat' dir='ltr'>de</span> <span class='ocrx_word' id='word_1_174' title='bbox 322 2085 529 2171; x_wconf 55' lang='lat' dir='ltr'>syngraphis</span> <span class='ocrx_word' id='word_1_175' title='bbox 560 2086 595 2150; x_wconf 92' lang='lat' dir='ltr'>in</span> <span class='ocrx_word' id='word_1_176' title='bbox 617 2085 728 2150; x_wconf 88' lang='lat' dir='ltr'>eodem</span> <span class='ocrx_word' id='word_1_177' title='bbox 752 2084 859 2148; x_wconf 91' lang='lat' dir='ltr'>omnia</span> <span class='ocrx_word' id='word_1_178' title='bbox 883 2084 921 2147; x_wconf 91' lang='lat' dir='ltr'>de</span> <span class='ocrx_word' id='word_1_179' title='bbox 944 2083 1136 2167; x_wconf 88' lang='lat' dir='ltr'>publicanis,</span> 
     </span>
     <span class='ocr_line' id='line_1_23' title="bbox 122 2171 1135 2260; baseline -0.004 -22"><span class='ocrx_word' id='word_1_180' title='bbox 122 2175 269 2260; x_wconf 89' lang='lat' dir='ltr'>alterum,</span> <span class='ocrx_word' id='word_1_181' title='bbox 293 2174 379 2258; x_wconf 89' lang='lat' dir='ltr'>quod</span> <span class='ocrx_word' id='word_1_182' title='bbox 403 2175 472 2238; x_wconf 89' lang='lat' dir='ltr'>sine</span> <span class='ocrx_word' id='word_1_183' title='bbox 496 2173 600 2238; x_wconf 89' lang='lat' dir='ltr'>edicto</span> <span class='ocrx_word' id='word_1_184' title='bbox 624 2173 706 2238; x_wconf 90' lang='lat' dir='ltr'>satis</span> <span class='ocrx_word' id='word_1_185' title='bbox 730 2173 895 2237; x_wconf 90' lang='lat' dir='ltr'>commode</span> <span class='ocrx_word' id='word_1_186' title='bbox 913 2171 1052 2256; x_wconf 74' lang='lat' dir='ltr'>transigi</span> <span class='ocrx_word' id='word_1_187' title='bbox 1069 2193 1135 2234; x_wconf 90' lang='lat' dir='ltr'>non</span> 
     </span>
     <span class='ocr_line' id='line_1_24' title="bbox 121 2259 1136 2348; baseline -0.004 -22"><span class='ocrx_word' id='word_1_188' title='bbox 121 2266 237 2348; x_wconf 88' lang='lat' dir='ltr'>potest,</span> <span class='ocrx_word' id='word_1_189' title='bbox 261 2263 299 2326; x_wconf 90' lang='lat' dir='ltr'>de</span> <span class='ocrx_word' id='word_1_190' title='bbox 323 2263 540 2327; x_wconf 89' lang='lat' dir='ltr'>hereditatum</span> <span class='ocrx_word' id='word_1_191' title='bbox 562 2261 832 2346; x_wconf 84' lang='lat' dir='ltr'>possessionibus,</span> <span class='ocrx_word' id='word_1_192' title='bbox 855 2261 893 2324; x_wconf 90' lang='lat' dir='ltr'>de</span> <span class='ocrx_word' id='word_1_193' title='bbox 916 2261 1011 2324; x_wconf 91' lang='lat' dir='ltr'>bonis</span> <span class='ocrx_word' id='word_1_194' title='bbox 1034 2259 1136 2342; x_wconf 90' lang='lat' dir='ltr'>possi-</span> 
     </span>
     <span class='ocr_line' id='line_1_25' title="bbox 122 2348 1135 2436; baseline -0.005 -21"><span class='ocrx_word' id='word_1_195' title='bbox 122 2351 247 2436; x_wconf 74' lang='lat' dir='ltr'>dendiS,</span> <span class='ocrx_word' id='word_1_196' title='bbox 274 2350 462 2435; x_wconf 84' lang='lat' dir='ltr'>vendendis,</span> <span class='ocrx_word' id='word_1_197' title='bbox 488 2350 654 2435; x_wconf 88' lang='lat' dir='ltr'>magistris</span> <span class='ocrx_word' id='word_1_198' title='bbox 677 2350 842 2434; x_wconf 88' lang='lat' dir='ltr'>faciendis,</span> <span class='ocrx_word' id='word_1_199' title='bbox 865 2371 946 2433; x_wconf 91' lang='lat' dir='ltr'>quae</span> <span class='ocrx_word' id='word_1_200' title='bbox 969 2370 1008 2413; x_wconf 87' lang='lat' dir='ltr'>ex</span> <span class='ocrx_word' id='word_1_201' title='bbox 1031 2348 1135 2412; x_wconf 89' lang='lat' dir='ltr'>edicto</span> 
     </span>
    </p>

    <p class='ocr_par' dir='ltr' id='par_1_10' title="bbox 81 2435 1138 2876">
     <span class='ocr_line' id='line_1_26' title="bbox 81 2435 1136 2525; baseline -0.006 -21"><span class='ocrx_word' id='word_1_202' title='bbox 81 2465 108 2505; x_wconf 77' lang='lat' dir='ltr'>aa</span> <span class='ocrx_word' id='word_1_203' title='bbox 124 2445 154 2503; x_wconf 88' lang='lat' dir='ltr'>et</span> <span class='ocrx_word' id='word_1_204' title='bbox 184 2439 344 2525; x_wconf 88' lang='lat' dir='ltr'>postulari</span> <span class='ocrx_word' id='word_1_205' title='bbox 372 2444 404 2504; x_wconf 89' lang='lat' dir='ltr'>et</span> <span class='ocrx_word' id='word_1_206' title='bbox 431 2438 502 2503; x_wconf 92' lang='lat' dir='ltr'>fieri</span> <span class='ocrx_word' id='word_1_207' title='bbox 526 2439 639 2503; x_wconf 88' lang='lat' dir='ltr'>solent.</span> <span class='ocrx_word' id='word_1_208' title='bbox 685 2438 830 2502; x_wconf 80' lang='lat' dir='ltr'>Tertium</span> <span class='ocrx_word' id='word_1_209' title='bbox 853 2438 892 2500; x_wconf 91' lang='lat' dir='ltr'>de</span> <span class='ocrx_word' id='word_1_210' title='bbox 916 2436 1041 2520; x_wconf 91' lang='lat' dir='ltr'>reliquo</span> <span class='ocrx_word' id='word_1_211' title='bbox 1067 2435 1136 2499; x_wconf 86' lang='lat' dir='ltr'>iure</span> 
     </span>
     <span class='ocr_line' id='line_1_27' title="bbox 123 2525 1138 2614; baseline -0.004 -23"><span class='ocrx_word' id='word_1_212' title='bbox 123 2527 258 2592; x_wconf 90' lang='lat' dir='ltr'>dicundo</span> <span class='ocrx_word' id='word_1_213' title='bbox 281 2529 435 2614; x_wconf 78' lang='grc' dir='ltr'><em>ἄγραφον</em></span> <span class='ocrx_word' id='word_1_214' title='bbox 460 2527 585 2610; x_wconf 90' lang='lat' dir='ltr'>reliqui.</span> <span class='ocrx_word' id='word_1_215' title='bbox 631 2525 709 2590; x_wconf 88' lang='lat' dir='ltr'>Dixi</span> <span class='ocrx_word' id='word_1_216' title='bbox 730 2547 783 2590; x_wconf 91' lang='lat' dir='ltr'>me</span> <span class='ocrx_word' id='word_1_217' title='bbox 805 2526 844 2589; x_wconf 88' lang='lat' dir='ltr'>de</span> <span class='ocrx_word' id='word_1_218' title='bbox 867 2547 904 2589; x_wconf 92' lang='lat' dir='ltr'>eo</span> <span class='ocrx_word' id='word_1_219' title='bbox 928 2546 1043 2610; x_wconf 89' lang='lat' dir='ltr'>genere</span> <span class='ocrx_word' id='word_1_220' title='bbox 1065 2546 1138 2588; x_wconf 86' lang='lat' dir='ltr'>mea</span> 
     </span>
     <span class='ocr_line' id='line_1_28' title="bbox 124 2612 1136 2696; baseline -0.005 -16"><span class='ocrx_word' id='word_1_221' title='bbox 124 2617 249 2680; x_wconf 90' lang='lat' dir='ltr'>decreta</span> <span class='ocrx_word' id='word_1_222' title='bbox 284 2616 324 2680; x_wconf 91' lang='lat' dir='ltr'>ad</span> <span class='ocrx_word' id='word_1_223' title='bbox 361 2616 464 2681; x_wconf 86' lang='lat' dir='ltr'>edicta</span> <span class='ocrx_word' id='word_1_224' title='bbox 495 2616 619 2679; x_wconf 89' lang='lat' dir='ltr'>urbana</span> <span class='ocrx_word' id='word_1_225' title='bbox 651 2614 973 2678; x_wconf 89' lang='lat' dir='ltr'>accommodaturum.</span> <span class='ocrx_word' id='word_1_226' title='bbox 1022 2612 1136 2696; x_wconf 86' lang='lat' dir='ltr'>ltaque</span> 
     </span>
     <span class='ocr_line' id='line_1_29' title="bbox 124 2701 1137 2769; baseline -0.006 0"><span class='ocrx_word' id='word_1_227' title='bbox 124 2726 198 2769; x_wconf 88' lang='lat' dir='ltr'>curo</span> <span class='ocrx_word' id='word_1_228' title='bbox 226 2707 259 2768; x_wconf 89' lang='lat' dir='ltr'>et</span> <span class='ocrx_word' id='word_1_229' title='bbox 287 2704 366 2768; x_wconf 89' lang='lat' dir='ltr'>satis</span> <span class='ocrx_word' id='word_1_230' title='bbox 393 2703 477 2768; x_wconf 84' lang='lat' dir='ltr'>facio</span> <span class='ocrx_word' id='word_1_231' title='bbox 505 2703 608 2768; x_wconf 87' lang='lat' dir='ltr'>adhuc</span> <span class='ocrx_word' id='word_1_232' title='bbox 635 2703 793 2768; x_wconf 88' lang='lat' dir='ltr'>omnibus.</span> <span class='ocrx_word' id='word_1_233' title='bbox 845 2701 958 2766; x_wconf 82' lang='lat' dir='ltr'>Graeci</span> <span class='ocrx_word' id='word_1_234' title='bbox 981 2722 1056 2765; x_wconf 80' lang='lat' dir='ltr'>vero</span> <span class='ocrx_word' id='word_1_235' title='bbox 1086 2722 1137 2763; x_wconf 87' lang='lat' dir='ltr'>ex-</span> 
     </span>
     <span class='ocr_line' id='line_1_30' title="bbox 126 2787 1137 2876; baseline -0.005 -20"><span class='ocrx_word' id='word_1_236' title='bbox 126 2793 261 2876; x_wconf 90' lang='lat' dir='ltr'>sultant,</span> <span class='ocrx_word' id='word_1_237' title='bbox 289 2793 376 2876; x_wconf 92' lang='lat' dir='ltr'>quod</span> <span class='ocrx_word' id='word_1_238' title='bbox 398 2791 578 2876; x_wconf 87' lang='lat' dir='ltr'>peregrinis</span> <span class='ocrx_word' id='word_1_239' title='bbox 601 2791 760 2856; x_wconf 89' lang='lat' dir='ltr'>iudicibus</span> <span class='ocrx_word' id='word_1_240' title='bbox 783 2795 928 2855; x_wconf 88' lang='lat' dir='ltr'>utuntur.</span> <span class='ocrx_word' id='word_1_241' title='bbox 980 2787 1137 2873; x_wconf 80' lang='lat' dir='ltr'>‘Nugato-</span> 
     </span>
    </p>

    <p class='ocr_par' dir='ltr' id='par_1_11' title="bbox 86 2877 1137 3141">
     <span class='ocr_line' id='line_1_31' title="bbox 86 2877 1137 2965; baseline -0.003 -22"><span class='ocrx_word' id='word_1_242' title='bbox 86 2881 212 2945; x_wconf 81' lang='lat' dir='ltr'>aoribus</span> <span class='ocrx_word' id='word_1_243' title='bbox 237 2880 388 2965; x_wconf 87' lang='lat' dir='ltr'>quidem’,</span> <span class='ocrx_word' id='word_1_244' title='bbox 415 2880 550 2965; x_wconf 89' lang='lat' dir='ltr'>inquies.</span> <span class='ocrx_word' id='word_1_245' title='bbox 595 2878 679 2956; x_wconf 85' lang='lat' dir='ltr'>Quid</span> <span class='ocrx_word' id='word_1_246' title='bbox 701 2880 822 2944; x_wconf 80' lang='lat' dir='ltr'>refert?</span> <span class='ocrx_word' id='word_1_247' title='bbox 854 2883 963 2942; x_wconf 89' lang='lat' dir='ltr'>tamen</span> <span class='ocrx_word' id='word_1_248' title='bbox 987 2899 1020 2940; x_wconf 91' lang='lat' dir='ltr'>se</span> <span class='ocrx_word' id='word_1_249' title='bbox 1043 2877 1137 2941; x_wconf 82' lang='grc' dir='ltr'><em>αὐτο-</em></span> 
     </span>
     <span class='ocr_line' id='line_1_32' title="bbox 125 2967 1136 3055; baseline -0.006 -21"><span class='ocrx_word' id='word_1_250' title='bbox 125 2973 243 3054; x_wconf 83' lang='grc' dir='ltr'><strong><em>νομίαν</em></strong></span> <span class='ocrx_word' id='word_1_251' title='bbox 276 2970 410 3055; x_wconf 89' lang='lat' dir='ltr'>adeptos</span> <span class='ocrx_word' id='word_1_252' title='bbox 441 2971 566 3053; x_wconf 92' lang='lat' dir='ltr'>putant.</span> <span class='ocrx_word' id='word_1_253' title='bbox 616 2967 727 3032; x_wconf 90' lang='lat' dir='ltr'>Vestri</span> <span class='ocrx_word' id='word_1_254' title='bbox 754 2968 852 3051; x_wconf 91' lang='lat' dir='ltr'>enim,</span> <span class='ocrx_word' id='word_1_255' title='bbox 884 2967 991 3050; x_wconf 90' lang='lat' dir='ltr'>credo,</span> <span class='ocrx_word' id='word_1_256' title='bbox 1024 2985 1136 3048; x_wconf 84' lang='lat' dir='ltr'>graves</span> 
     </span>
     <span class='ocr_line' id='line_1_33' title="bbox 124 3053 1082 3141; baseline -0.004 -21"><span class='ocrx_word' id='word_1_257' title='bbox 124 3056 243 3121; x_wconf 91' lang='lat' dir='ltr'>habent</span> <span class='ocrx_word' id='word_1_258' title='bbox 266 3057 462 3141; x_wconf 83' lang='lat' dir='ltr'>Turpionem</span> <span class='ocrx_word' id='word_1_259' title='bbox 486 3055 646 3120; x_wconf 73' lang='lat' dir='ltr'>sutorium</span> <span class='ocrx_word' id='word_1_260' title='bbox 668 3060 701 3119; x_wconf 90' lang='lat' dir='ltr'>et</span> <span class='ocrx_word' id='word_1_261' title='bbox 723 3054 872 3119; x_wconf 88' lang='lat' dir='ltr'>Vettium</span> <span class='ocrx_word' id='word_1_262' title='bbox 895 3053 1082 3136; x_wconf 89' lang='lat' dir='ltr'>mancipem.</span> 
     </span>
    </p>

    <p class='ocr_par' dir='ltr' id='par_1_12' title="bbox 126 3140 1189 3319">
     <span class='ocr_line' id='line_1_34' title="bbox 189 3140 1189 3230; baseline -0.006 -20"><span class='ocrx_word' id='word_1_263' title='bbox 189 3144 238 3210; x_wconf 86' lang='lat' dir='ltr'>De</span> <span class='ocrx_word' id='word_1_264' title='bbox 261 3145 442 3230; x_wconf 83' lang='lat' dir='ltr'>publicanis</span> <span class='ocrx_word' id='word_1_265' title='bbox 463 3145 540 3229; x_wconf 94' lang='lat' dir='ltr'>quid</span> <span class='ocrx_word' id='word_1_266' title='bbox 558 3165 662 3228; x_wconf 88' lang='lat' dir='ltr'>agam,</span> <span class='ocrx_word' id='word_1_267' title='bbox 684 3143 802 3208; x_wconf 87' lang='lat' dir='ltr'>videris</span> <span class='ocrx_word' id='word_1_268' title='bbox 822 3165 982 3226; x_wconf 88' lang='lat' dir='ltr'>quaerere.</span> <span class='ocrx_word' id='word_1_269' title='bbox 1019 3140 1134 3204; x_wconf 88' lang='lat' dir='ltr'>Habeo</span> <span class='ocrx_word' id='word_1_270' title='bbox 1155 3155 1189 3204; x_wconf 84' lang='grc'>16</span> 
     </span>
     <span class='ocr_line' id='line_1_35' title="bbox 126 3227 1137 3319; baseline -0.007 -21"><span class='ocrx_word' id='word_1_271' title='bbox 126 3234 159 3298; x_wconf 91' lang='lat' dir='ltr'>in</span> <span class='ocrx_word' id='word_1_272' title='bbox 176 3234 308 3319; x_wconf 85' lang='lat' dir='ltr'>deliciis,</span> <span class='ocrx_word' id='word_1_273' title='bbox 332 3235 503 3318; x_wconf 87' lang='lat' dir='ltr'>obsequor,</span> <span class='ocrx_word' id='word_1_274' title='bbox 524 3232 632 3296; x_wconf 84' lang='lat' dir='ltr'>verbis</span> <span class='ocrx_word' id='word_1_275' title='bbox 649 3232 756 3316; x_wconf 87' lang='lat' dir='ltr'>laudo,</span> <span class='ocrx_word' id='word_1_276' title='bbox 775 3253 870 3316; x_wconf 82' lang='lat' dir='ltr'>orno3</span> <span class='ocrx_word' id='word_1_277' title='bbox 893 3230 1009 3314; x_wconf 87' lang='lat' dir='ltr'>efficio,</span> <span class='ocrx_word' id='word_1_278' title='bbox 1026 3251 1067 3292; x_wconf 91' lang='lat' dir='ltr'>ne</span> <span class='ocrx_word' id='word_1_279' title='bbox 1086 3227 1137 3292; x_wconf 88' lang='lat' dir='ltr'>oui</span> 
     </span>
    </p>

    <p class='ocr_par' dir='ltr' id='par_1_13' title="bbox 89 3319 1138 3582">
     <span class='ocr_line' id='line_1_36' title="bbox 89 3319 1136 3407; baseline -0.006 -23"><span class='ocrx_word' id='word_1_280' title='bbox 89 3344 114 3385; x_wconf 75' lang='lat' dir='ltr'>aa</span> <span class='ocrx_word' id='word_1_281' title='bbox 126 3323 252 3387; x_wconf 88' lang='lat' dir='ltr'>molesti</span> <span class='ocrx_word' id='word_1_282' title='bbox 276 3324 350 3387; x_wconf 91' lang='lat' dir='ltr'>sint.</span> <span class='ocrx_word' id='word_1_283' title='bbox 400 3323 445 3386; x_wconf 79' lang='lat' dir='ltr'>To</span> <span class='ocrx_word' id='word_1_284' title='bbox 469 3319 747 3407; x_wconf 75' lang='grc' dir='ltr'><em>παραδοξότατον,</em></span> <span class='ocrx_word' id='word_1_285' title='bbox 770 3341 885 3383; x_wconf 85' lang='lat' dir='ltr'>usuras</span> <span class='ocrx_word' id='word_1_286' title='bbox 909 3339 1029 3404; x_wconf 86' lang='lat' dir='ltr'>eorum,</span> <span class='ocrx_word' id='word_1_287' title='bbox 1057 3337 1136 3399; x_wconf 88' lang='lat' dir='ltr'>quas</span> 
     </span>
     <span class='ocr_line' id='line_1_37' title="bbox 125 3403 1137 3495; baseline -0.011 -19"><span class='ocrx_word' id='word_1_288' title='bbox 125 3411 327 3494; x_wconf 87' lang='lat' dir='ltr'>pactionibus</span> <span class='ocrx_word' id='word_1_289' title='bbox 342 3411 587 3495; x_wconf 84' lang='lat' dir='ltr'>adscripserant,</span> <span class='ocrx_word' id='word_1_290' title='bbox 602 3408 741 3473; x_wconf 83' lang='lat' dir='ltr'>servavit</span> <span class='ocrx_word' id='word_1_291' title='bbox 755 3407 854 3472; x_wconf 86' lang='lat' dir='ltr'>etiam</span> <span class='ocrx_word' id='word_1_292' title='bbox 868 3404 1031 3470; x_wconf 79' lang='lat' dir='ltr'>Servilius,</span> <span class='ocrx_word' id='word_1_293' title='bbox 1064 3403 1137 3487; x_wconf 85' lang='lat' dir='ltr'>Ego</span> 
     </span>
     <span class='ocr_line' id='line_1_38' title="bbox 127 3490 1138 3582; baseline -0.011 -20"><span class='ocrx_word' id='word_1_294' title='bbox 127 3499 177 3564; x_wconf 86' lang='lat' dir='ltr'>sio.</span> <span class='ocrx_word' id='word_1_295' title='bbox 218 3499 314 3564; x_wconf 92' lang='lat' dir='ltr'>Diem</span> <span class='ocrx_word' id='word_1_296' title='bbox 338 3501 447 3562; x_wconf 87' lang='lat' dir='ltr'>statuo</span> <span class='ocrx_word' id='word_1_297' title='bbox 472 3497 550 3562; x_wconf 76' lang='lat' dir='ltr'>satis</span> <span class='ocrx_word' id='word_1_298' title='bbox 574 3498 690 3582; x_wconf 86' lang='lat' dir='ltr'>laxam,</span> <span class='ocrx_word' id='word_1_299' title='bbox 713 3517 809 3578; x_wconf 89' lang='lat' dir='ltr'>quam</span> <span class='ocrx_word' id='word_1_300' title='bbox 833 3498 906 3558; x_wconf 89' lang='lat' dir='ltr'>ante</span> <span class='ocrx_word' id='word_1_301' title='bbox 927 3493 954 3556; x_wconf 92' lang='lat' dir='ltr'>si</span> <span class='ocrx_word' id='word_1_302' title='bbox 974 3490 1138 3574; x_wconf 89' lang='lat' dir='ltr'>solverint,</span> 
     </span>
    </p>
   </div>
   <div class='ocr_carea' id='block_1_3' title="bbox 0 0 1305 3886">
    <p class='ocr_par' dir='ltr' id='par_1_14' title="bbox 0 0 1305 3886">
     <span class='ocr_line' id='line_1_39' title="bbox 0 0 1305 3886; baseline 0 0"><span class='ocrx_word' id='word_1_303' title='bbox 0 0 1305 3886; x_wconf 95' lang='lat' dir='ltr'> </span> 
     </span>
    </p>
   </div>
  </div>
 </body>
</html>
