2564 3880
263 133 522 188 EPISTULARUM
540 134 590 188 AD
610 135 774 190 ATTICUM
793 137 844 190 XII
862 143 976 192 32-36.
1059 139 1125 203 379

101 278 144 343 ad
167 277 301 342 modum
325 277 447 363 suades,
470 281 552 361 puto
574 300 627 342 me
650 279 685 342 in
702 277 865 344 Ficulensi
883 281 961 344 fore.
999 279 1155 356 Quibusa

102 367 143 430 de
167 365 264 430 rebus
289 366 403 430 adme
427 366 598 452 scripsisti,
622 368 775 450 quoniam
797 367 867 450 ipse
890 368 995 454 venio,
1017 390 1125 434 coram

101 454 295 519 videbimus,
331 453 435 518 Tuam
458 454 588 538 quidem
611 458 643 519 et
666 457 701 520 in
725 456 858 540 agendis
881 456 1004 520 nostris
1028 458 1125 522 rebus

102 546 137 606 et
160 542 196 606 in
219 541 362 607 consiliis
381 542 530 607 ineundis
549 542 694 627 mihique
712 544 825 608 dandis
844 544 880 608 in
897 545 977 627 ipsis
996 544 1126 632 litteris,

74 652 186 714 squas
213 630 335 716 mittis,
366 630 638 717 benevolentiam,
669 631 888 717 diligentiam,
919 632 1125 716 prudentiam

102 718 240 783 mirifice
264 718 372 804 diligo.
412 719 462 782 Tu
485 723 604 805 tamen,
628 720 656 784 si
680 719 758 803 quid
780 742 854 785 oum
877 718 968 802 Silio,
991 721 1043 785 vel
1065 721 1275 789 illoarxxxm

103 807 177 890 ipso
208 806 272 890 die,
302 828 366 890 quo
391 807 431 871 ed
454 805 579 882 Siccam
602 811 757 873 venturus
782 830 851 894 ero,
880 809 1051 874 certiorem
1073 831 1125 873 me

102 895 202 959 velim
229 895 344 980 facies,
371 899 404 960 et
431 895 569 960 maxime
597 897 688 960 ouius
711 897 776 962 loci
799 897 1032 962 detractionem
1054 897 1126 962 fieri

103 983 192 1047 velit.
239 981 333 1060 Quod
359 984 445 1047 enim
474 985 589 1048 scribis
619 984 786 1069 ‘extremi',
814 984 899 1070 vide,
927 1006 968 1049 ne
997 986 1026 1050 is
1054 986 1125 1068 ipse

60 1099 88 1138 ro
102 1071 195 1136 locus
219 1071 272 1157 sit,
294 1071 385 1136 euius
409 1093 505 1136 causa
529 1072 567 1136 de
591 1075 662 1136 tota
685 1095 728 1156 re,
756 1078 793 1136 ut
817 1074 889 1158 scis,
913 1077 962 1137 est
986 1095 1005 1136 a
1027 1073 1123 1139 nobis

103 1160 292 1245 cogitatum.
338 1159 429 1223 Hirti
456 1159 630 1243 epistulam
657 1160 720 1224 tibi
751 1161 826 1225 misi
850 1165 883 1225 et
906 1165 1068 1226 recentem
1091 1166 1124 1227 et

102 1248 258 1314 benevole
281 1248 444 1331 scriptam.

546 1424 680 1489 XXXV.

62 1625 89 1666 l,
104 1545 161 1600 Ser.
175 1547 240 1612 fort.
254 1545 287 1598 iu
304 1545 463 1599 suburbano
481 1543 716 1684 Siccaqogfflqp.
737 1551 787 1599 aut
805 1561 885 1598 moue
904 1544 950 1598 VI
959 1545 1034 1599 Nou.
1050 1546 1123 1600 Mai.

519 1633 545 1669 a.
700 1657 705 1668 .

410 1737 557 1793 CICERO
575 1737 721 1792 ATTICO
740 1737 823 1792 SAL.

169 1845 356 1929 Antequam
384 1867 403 1909 a
430 1849 462 1909 te
489 1845 637 1930 proxime
664 1845 811 1929 discessi,
840 1866 1019 1928 numquam
1042 1847 1123 1910 mihi
1138 1865 1169 1915 (e

103 1935 193 2000 venit
220 1934 255 1997 in
281 1937 438 2020 mentem,
467 1955 531 2017 quo
560 1934 633 2017 plus
662 1934 865 2017 insumptum
888 1934 924 1998 in
946 1933 1123 1999 monimen-

103 2027 175 2088 tum
208 2025 293 2086 esset
326 2044 423 2106 quam
453 2022 562 2087 nescio
593 2022 685 2106 quid,
718 2022 805 2105 quod
829 2022 901 2106 lege
929 2021 1124 2108 conceditur,

62 2137 89 2176 ao
103 2109 296 2176 tantundem
326 2110 447 2194 populo
480 2109 620 2174 dandum
652 2131 730 2174 esse.
781 2108 875 2185 Quod
905 2130 973 2173 non
1004 2131 1122 2194 magno

104 2220 200 2283 opere
224 2201 383 2284 moveret,
408 2198 473 2262 nisi
499 2199 608 2263 nescio
633 2197 804 2284 quomodo,
832 2198 961 2280 ἀλόγως
984 2197 1123 2262 fortasse

102 2287 224 2352 nollem
256 2285 337 2350 illud
369 2285 437 2350 ullo
468 2287 600 2350 nomine
629 2287 694 2350 nisi
722 2287 789 2350 fani
818 2286 982 2369 appellari.
1029 2284 1123 2361 Quod

104 2375 133 2440 si
155 2376 316 2460 volumus,
338 2395 459 2458 vereor,
481 2395 523 2440 ne
545 2374 678 2458 adsequi
700 2396 767 2439 non
790 2375 953 2458 possimus
972 2373 1037 2438 nisi
1056 2397 1124 2438 mu-

104 2468 174 2529 tato
204 2463 285 2528 loco.
332 2461 404 2527 Hoc
432 2463 526 2546 quale
555 2463 612 2548 sit,
645 2485 780 2548 quaeso,
807 2462 982 2526 considera.
1028 2461 1124 2549 Nam,

61 2577 89 2618 ae
104 2553 166 2618 etsi
193 2551 303 2616 minus
331 2572 449 2635 urgeor
476 2572 591 2633 meque
618 2551 688 2632 ipse
717 2572 818 2635 prope
842 2549 974 2614 modum
998 2549 1124 2636 collegi,

103 2646 212 2706 tamen
231 2639 361 2725 indigeo
380 2639 430 2704 tui
449 2639 584 2703 consilii.
617 2637 731 2721 Itaque
750 2643 783 2703 te
802 2638 1006 2703 vehementer
1025 2639 1123 2702 etiam

104 2733 201 2814 atque
221 2728 320 2792 etiem
338 2748 434 2813 rogo,
457 2727 560 2813 magis
581 2748 679 2809 quam
698 2749 716 2790 a
736 2727 855 2792 me'vis
875 2730 931 2790 aut
951 2727 1072 2810 peteris
1091 2731 1123 2790 te

103 2817 222 2903 rogari,
246 2820 284 2881 ut
306 2816 389 2880 hane
413 2815 645 2900 cogitationem
669 2818 740 2878 toto
765 2819 896 2898 pectore
920 2815 1124 2900 amplectere.

540 3007 689 3073 XXXVI.

6 3185 7 3224 ,
63 3143 90 3182 ³⁰
302 3130 358 3186 Ser.
374 3129 494 3185 Amarae
518 3129 635 3184 VNon.
652 3129 723 3184 Mai.
740 3147 765 3185 a.
782 3134 837 3184 709
857 3133 926 3198 (45).

411 3251 557 3307 OIOERO
575 3251 722 3307 ATTICO
740 3252 823 3308 SAL.

170 3362 296 3426 Fanum
328 3361 399 3426 fieri
430 3360 521 3446 volo,
553 3382 658 3443 neque
689 3359 751 3425 hoo
783 3360 864 3424 mihi
891 3359 973 3441 eripi
1005 3361 1159 3442 potestl

104 3449 251 3534 Sepulcri
282 3449 529 3514 similitudinem
553 3447 694 3532 effugere
714 3470 782 3512 non
804 3451 872 3510 tam
895 3450 1028 3529 propter
1050 3468 1125 3529 poe
