2484 3886
443 143 473 199 P.
488 149 637 198 486-493.
932 144 1040 198 CXLIII

36 285 86 335 iam
101 297 162 336 mom
179 282 251 336 molle
270 281 433 336 dubitanter
447 283 562 352 Madvig
576 283 792 351 Adv.11p.240;
810 300 886 338 mame
898 286 972 338 iam?
995 285 1041 338 Ad

34 371 58 419 p.
72 357 129 405 203.
146 358 189 405 31.
213 383 250 392 -
274 358 308 405 23
332 354 467 420 affuisset
484 352 526 418 Μ,
549 353 633 420 Βοο1,
652 353 774 420 Tyrrell,
799 354 897 419 fuisset
913 353 1040 421 Schuetz,

34 422 136 490 Baiter,
165 421 298 476 Wesenb.
327 455 361 463 -
388 424 538 493 24116161
558 423 668 490 Baiter,
692 422 800 492 Tyrrell
824 440 858 476 ex
880 424 922 491 M,
941 427 994 479 razi
1012 425 1040 491 Z,

35 494 117 547 tollere
142 493 218 561 Ceut
240 493 302 546 tolli
323 510 364 548 me
387 494 452 547 66116
476 493 601 546 simileve
620 493 742 560 aliqui63
765 494 825 548 tolli
844 492 941 563 Oorr.’)
960 495 1040 548 imai·

34 564 140 616 morium
164 565 275 617 aedium
297 563 335 616 ad
357 563 481 636 Smemiae
500 564 622 633 (Sirenae
645 563 769 632 Oorrod.)
791 565 944 619 memineris
969 565 1039 618 coni.

35 631 174 700 Wesenb.,
201 633 303 687 aistuli
328 634 507 687 luminarium
530 635 638 688 aeduam
656 635 776 688 Asturae
803 634 873 688 eoni.
892 635 971 688 Boot.
1005 665 1041 674 -·

36 709 64 754 25
71 719 109 770 sq.
128 703 208 772 Qtrod
226 721 244 757 a
264 703 398 758 Caerellia
415 705 518 758 iuberis
531 703 671 771 Wesenb,
691 705 861 770 Memmeris,
878 722 962 773 quum
976 704 1040 758 Gae-

36 774 134 826 reiiiom
152 774 254 827 videris
273 773 343 826 eoni.
357 773 430 827 Boot
447 773 510 826 fols.
543 806 578 814 -
610 780 643 828 26
662 776 809 843 mancipia
825 775 905 842 Boot,
924 774 1040 843 Tyrroll.

37 843 75 894 Ad
90 861 116 912 p.
123 850 147 896 2.
154 849 196 896 29.
217 844 354 896 Ρ.136.12
374 860 485 911 quoquo
499 843 596 898 Baiter
609 844 687 898 tooii.
702 845 864 913 mancupiis.
879 877 914 884 -—
928 851 961 898 33
980 861 1042 899 sum

37 914 99 964 mim
116 913 227 981 Tyr-rell
249 913 366 982 probeb.
407 916 416 982 ΙΙ
456 914 491 968 P.
506 912 575 969 460.
591 921 606 967 7
625 917 811 983 persequitur
830 915 909 968 codd.
928 918 1042 984 praeter

38 981 231 1050 Ii(Lehmann
249 984 308 1036 Art.
327 1002 355 1052 p.
370 990 418 1050 44,
434 989 528 1051 94ex.,
549 987 624 1053 160),
652 984 797 1051 weseram,
822 986 906 1052 Boot,
932 985 1042 1054 Tyrrell

40 1068 74 1120 ep.
88 1059 151 1119 764,
171 1055 347 1122 prosequitur
366 1053 403 1118 Μ,
422 1054 530 1120 Baiier,
549 1055 622 1108 Boot
640 1055 683 1108 ed.
698 1055 711 1107 I
729 1057 759 1108 61
777 1055 840 1108 Obs.
860 1075 887 1124 p.
901 1062 934 1109 61
946 1073 985 1123 sq.
1006 1087 1041 1094 —

39 1128 51 1173 9
63 1140 119 1176 eum
132 1124 171 1190 Μ,
185 1123 291 1190 Baiter,
305 1124 418 1192 Tyrrell
429 1141 486 1178 non
499 1124 676 1178 solerabssius
691 1141 777 1192 quam
789 1143 817 1194 p.
829 1131 888 1179 320.
901 1131 941 1179 12.
953 1157 988 1166 -
1006 1132 1041 1178 22

40 1193 65 1244 ds
81 1193 230 1259 Boechide,
253 1195 440 1264 †statuarum
453 1194 593 1262 Wesenb,
617 1196 650 1248 de
668 1195 814 1262 Bacchide,
836 1197 869 1250 de
886 1203 1042 1252 stammam

40 1262 136 1330 Baiter,
155 1264 242 1331 Boot,
261 1264 378 1332 Tyrroll.
397 1264 430 1318 V.
451 1264 554 1318 Ziehen
572 1281 642 1318 mus.
661 1265 749 1318 Rhea.
771 1270 839 1319 1896
858 1284 884 1335 p.
900 1271 959 1320 593.
1031 1265 1042 1339 il

68 1333 100 1386 Ρ.
113 1331 182 1388 491.
199 1341 215 1386 6
233 1337 408 1389 immutatum
425 1351 542 1389 amorem
560 1353 647 1389 rreum
665 1334 806 1402 Wesenb,
824 1336 903 1403 Boot,
922 1336 1041 1404 Γ1716611,

42 1405 122 1456 minuo
143 1410 233 1458 tutum
256 1421 346 1459 amore
367 1421 424 1458 meo
446 1405 488 1471 M,
513 1407 624 1458 mimimo
642 1411 727 1460 totam
745 1422 862 1460 amorem
878 1422 909 1461 eo
929 1405 1041 1473 Victor,

42 1471 132 1527 Baiter.
149 1505 184 1514 —
199 1480 216 1528 9
231 1479 257 1528 6.
271 1475 334 1528 Jme
347 1474 437 1528 Rusio
452 1475 517 1528 diss.
528 1475 617 1528 Marb.
631 1480 698 1528 1883
708 1493 735 1544 p.
747 1481 771 1542 9,
787 1481 874 1529 2830
887 1493 902 1530 6
914 1494 941 1544 p.
953 1482 1040 1530 4925

42 1545 130 1609 pridie,
156 1562 241 1614 quom
263 1546 312 1598 hoe
332 1546 494 1610 scribebam,
516 1547 547 1598 id
569 1551 608 1600 est
630 1546 686 1599 III
704 1546 793 1612 Nou..
821 1545 851 1598 Ο.
862 1546 894 1599 Ε.
914 1546 1042 1600 Schmidt

43 1611 163 1667 11661616.
185 1631 250 1668 ann.
267 1619 336 1667 1884
353 1632 380 1682 p.
397 1620 447 1668 349
459 1632 509 1682 eq,
528 1614 638 1682 Tyrrell
655 1632 697 1684 ep.
714 1621 765 1668 768
784 1615 877 1684 prob.,
895 1617 952 1669 III
965 1617 1040 1671 Nem.

45 1681 124 1749 Quint.
142 1684 250 1752 Baiter,
269 1684 401 1739 Wesenb.
420 1685 481 1738 sine
499 1685 585 1739 dubio
599 1685 685 1739 verba
699 1687 730 1739 id
743 1693 781 1740 est
794 1686 851 1739 III
859 1686 933 1739 Nom
947 1686 1040 1755 Quint.

43 1751 181 1808 referentes
202 1756 241 1808 ad
259 1773 282 1808 v.
302 1773 383 1823 quam
401 1756 450 1809 hoe
467 1757 621 1810 scribebam.
632 1787 667 1795 —-
678 1760 711 1808 16
727 1755 832 1810 Casama
852 1756 1042 1809 ‘scribendum

46 1825 104 1889 erat,
126 1825 203 1892 quod
228 1824 298 1878 feeit
317 1825 491 1878 Sehueirius’
515 1826 600 1891 Boot,
618 1825 751 1880 Huebnor
769 1826 791 1877 E
811 1825 884 1879 hem.
905 1825 992 1894 epigr.
1016 1827 1042 1878 Π

44 1908 65 1957 p.
77 1899 106 1945 37
125 1895 376 1964 ’6616616616Υῆ
399 1896 517 1949 Comama
531 1896 568 1963 M,
588 1913 651 1949 eum
670 1911 751 1950 eruce
803 1896 906 1962 esonb,
926 1895 1043 1950 Gosiama

45 1962 114 2031 vulg,
130 1965 238 2032 Baiter,
256 1965 336 2032 Boot,
355 1964 471 2032 Tyrroll.
486 1997 521 2006 —
541 1972 574 2019 17
587 1983 672 2021 eausa
687 1966 750 2018 add.
762 1965 831 2019 soni.
841 1966 948 2033 Baiter,
961 1966 1040 2034 prob.

46 2030 103 2086 Boot
115 2034 190 2102 (obs.
206 2054 234 2104 p.
246 2038 299 2104 62),
319 2035 426 2088 Gurlitr
441 2035 523 2089 ‘Bari
534 2036 631 2105 philol.
643 2035 852 2091 Woohenschr.’
871 2041 946 2090 1897.
964 2042 1041 2104 1168,

46 2118 67 2153 re
81 2102 109 2156 H.
119 2105 151 2158 A.
162 2104 242 2159 Koch
260 2121 353 2174 progr.
369 2105 491 2160 Pariana.
505 2111 573 2159 1868
591 2124 618 2174 p.
630 2112 672 2175 31,
691 2113 741 2161 tua
758 2107 851 2161 eadem
868 2106 937 2176 (soil.
949 2110 1041 2176 opera)

47 2175 139 2239 tepidis
146 2175 266 2244 Tyrrell,
281 2177 358 2246 tua†
370 2175 508 2242 Wesenb,
522 2177 601 2230 Boot.
612 2207 647 2216 -
660 2182 692 2229 19
703 2177 770 2244 quid
780 2209 814 2216 -
823 2176 993 2232 iuermdims?
1011 2177 1041 2230 in

46 2243 226 2307 6661766661).
251 2245 297 2297 Ad
310 2250 386 2314 p.16.
395 2251 435 2299 14.
451 2276 486 2286 -
504 2250 538 2298 25
552 2247 707 2316 †Asimium
716 2245 858 2313 Wesenb,
873 2247 1041 2314 Fauomum,

46 2312 160 2390 sisinium
177 2315 283 2369 Baiber.
303 2315 336 2369 V.
356 2316 433 2369 Boot.
459 2347 493 2356 —
517 2322 551 2369 26
570 2323 595 2372 et
612 2323 644 2372 ut
661 2333 763 2370 meema
780 2323 805 2372 66
822 2318 881 2387 †ui
898 2316 1040 2385 Wesenb,

49 2397 95 2435 sure
115 2401 195 2439 orueo
217 2385 328 2452 Baiter,
353 2386 437 2451 Boot,
460 2393 486 2441 et
506 2393 539 2441 ut
560 2403 663 2440 meeum
683 2394 708 2442 et
730 2384 900 2440 σπείσασθαι
922 2387 1040 2455 Tyrrell,

48 2457 174 2510 dmeaem
191 2457 360 2510 σπείσασθαι
378 2456 438 2511 uult
454 2463 479 2511 a
496 2473 557 2511 eum
575 2457 665 2511 Bruto
683 2463 708 2512 66
727 2457 820 2512 Cassio
837 2457 943 2524 Lemb,
962 2457 1040 2525 prob.

48 2518 111 2598 11661.
132 2557 168 2566 -
194 2530 229 2579 28
251 2527 363 2580 Tutiam
386 2542 408 2579 6.
428 2543 483 2594 mg.
498 2526 594 2580 Lamb.
610 2527 726 2595 Tyrrell.
757 2527 910 2580 ‘Utrumvis
929 2527 1041 2596 eligas’,

49 2593 126 2658 monii
141 2596 221 2662 Boot,
243 2597 376 2664 ‘personav
391 2596 499 2650 ineerta
517 2598 632 2650 maneo)
653 2627 686 2638 -
706 2603 739 2650 31
754 2597 811 2666 †de
827 2597 932 2664 Baiter,
951 2599 984 2652 de
997 2614 1042 2652 ore

46 2665 110 2724 Μή
126 2665 194 2721 coni.
215 2665 344 2734 Sohuem,
364 2666 397 2719 ‘E
417 2667 496 2720 codd.
512 2667 652 2735 scriptura
669 2684 726 2721 non
743 2667 836 2720 minus
856 2667 916 2720 erui
929 2670 1040 2736 posset:

50 2729 124 2788 deme
135 2737 231 2791 taetro’
248 2737 333 2803 Boou
348 2738 514 2805 eipaedore?
523 2769 558 2777 -
572 2744 606 2792 33
616 2755 656 2792 me
665 2739 868 2807 uepuoiputare
877 2737 981 2805 Baiter,
995 2755 1041 2792 me-

50 2805 100 2918 gum
108 2807 259 2872 pubobulla
272 2806 309 2860 M.
333 2807 377 2860 Ad
390 2825 417 2876 p.
426 2813 515 2861 11.11.
526 2839 561 2848 —
576 2813 610 2860 34
625 2809 696 2878 11666
705 2806 846 2874 Wesenb,
860 2808 904 2862 hie
919 2805 1041 2875 Garrod,

67 2871 136 2942 aar,
152 2876 232 2944 prob.
252 2877 333 2942 Boot,
350 2879 400 2932 hae
418 2884 456 2932 est
472 2880 544 2932 emim
562 2895 613 2931 ser.
633 2879 663 2931 in
680 2878 810 2947 parenth.
829 2878 909 2945 Boot,
923 2877 1040 2946 Tyrrell.

51 2937 85 2992 11
98 2951 173 3012 p.16.
186 2951 227 3000 14.
248 2977 284 2986 —
302 2952 336 3000 95
353 2955 435 3004 τοῦτο
448 2947 553 3016 Baiter,
567 2947 709 3015 Wesenb,
722 2948 810 3020 τούτῳ
824 2948 844 3000 Ι.
859 2947 902 3001 Fr.
914 2947 1041 3014 Gronov,

51 3006 118 3080 Boot,
138 3024 238 3070 reorum
256 3015 372 3084 Tyrrell.
418 3021 428 3084 ΙΙ
471 3018 507 3073 Ρ.
522 3015 590 3071 492.
607 3024 621 3071 1
640 3019 804 3073 allueimari
821 3017 863 3085 Μ,
885 3019 1043 3074 halueimari

51 3077 141 3151 Baiter,
163 3086 283 3154 Tyrroll.
307 3117 342 3128 -
363 3093 379 3139 3
401 3087 559 3158 Obsipmata
576 3087 719 3156 Lambin.,
737 3087 868 3141 Wesenb.
888 3119 923 3128 -
942 3094 957 3141 6
977 3090 1042 3142 5666

50 3144 161 3208 Waenb.
190 3157 236 3209 Ad
254 3173 282 3224 p.
298 3162 338 3209 12.
349 3162 372 3210 6.
392 3188 427 3197 -—
445 3163 461 3210 6
480 3160 632 3226 demissum,
648 3161 708 3214 ome
723 3159 845 3226 phaleris
864 3158 942 3211 ‘This
961 3157 1041 3212 looks

51 3215 97 3274 1116
108 3239 124 3276 a
134 3229 200 3293 pari
214 3225 247 3279 of
259 3241 276 3277 6
289 3227 377 3280 verso’
393 3227 509 3296 Tyrroll.
536 3230 546 3297 ΙΙ
573 3229 608 3283 Ρ.
619 3228 687 3282 493.
699 3234 732 3282 10
747 3230 893 3281 6149417
909 3229 951 3283 dii
961 3229 1040 3282 Boot.

52 3287 86 3341 Ad
100 3311 123 3360 p.
136 3301 196 3349 460.
210 3300 252 3348 17.
271 3327 306 3335 -
325 3301 357 3348 12
381 3295 419 3350 ἔπ’
440 3296 538 3365 ἐῶμεν·
561 3298 708 3365 Wesenb.,
726 3299 810 3363 Boot,
830 3298 945 3351 sedhic
964 3298 1042 3351 ‘sori-

53 3353 156 3418 beodum
174 3367 274 3418 666661
292 3363 330 3418 ἔτι
344 3365 445 3434 iopam
462 3367 507 3421 vel
525 3362 575 3421 εἴτ’
597 3369 683 3436 ἐῶμεν
688 3369 719 3435 ‚·',
738 3365 776 3421 ἔτ’
798 3367 905 3436 imper?
932 3367 1042 3436 Tyrrell

54 3441 86 3496 ep.
97 3437 151 3488 769.
170 3463 206 3475 -·
227 3439 263 3488 14
280 3437 462 3492 iuaudiebam
480 3437 617 3507 Lambin,
636 3439 741 3506 Baiter,
760 3437 840 3505 Boot,
854 3437 971 3505 Tyrroll,
990 3452 1042 3490 me·
