2578 3886
354 895 411 976 M.
436 893 628 974 TULLI
654 892 995 976 CICERONIS

294 1051 682 1126 EPISTULARUM
714 1052 784 1124 AD
817 1051 1063 1125 ATTIOUM

493 1206 625 1271 menn
648 1204 854 1272 nunnus.

620 1368 729 1378 ---

663 1487 687 1552 Ι.

208 1610 265 1666 Ser.
285 1612 317 1664 ιἰι
335 1611 449 1666 Laterio
470 1609 568 1680 Quinti
585 1611 685 1676 fratris
702 1610 759 1663 III
773 1610 847 1664 Noa.
867 1610 937 1678 Apr.
957 1628 983 1664 a.
1004 1613 1060 1665 705
1080 1613 1152 1678 (49).
1222 1624 1234 1661 5

491 1731 619 1786 CICERO
639 1731 772 1786 ATTICO
793 1732 866 1786 SAL.

133 1859 148 1908 1
235 1859 274 1904 111
296 1839 409 1905 Nonas
429 1862 502 1904 cum
520 1842 555 1904 in
572 1839 739 1904 Laterium
758 1841 868 1904 fratris
888 1841 1058 1926 venissem,
1082 1843 1192 1924 aeeepi

168 1929 294 1994 litteras
324 1935 394 1993 tuas
423 1931 455 1991 et
482 1929 614 2012 paulum
637 1929 808 2012 respiravi,
837 1928 924 2012 quod
945 1929 1100 2012 posthae
1123 1931 1191 1992 rui-

167 2039 226 2080 nas
249 2017 330 2080 mihi
352 2037 420 2080 non
442 2015 606 2080 acciderat.
643 2015 705 2080 Per
729 2016 814 2080 enim
836 2017 946 2100 magni
970 2017 1106 2080 aestimo
1125 2016 1190 2081 tibi

168 2104 400 2168 firmitudinem
424 2104 523 2168 animi
545 2104 651 2168 nostri
674 2103 851 2168 etinctum
873 2108 1023 2168 nostrum
1045 2105 1230 2188 probarim

169 2191 269 2256 Sexto
292 2191 378 2255 enim
401 2195 514 2255 nostro
539 2191 625 2274 quod
649 2192 763 2256 scribis
785 2192 925 2276 probari,
948 2193 995 2256 ita
1013 2192 1128 2278 laetor,
1150 2197 1190 2256 ut

168 2301 219 2343 me
243 2279 336 2363 quasi
359 2280 461 2362 patris
486 2280 563 2362 eius,
587 2280 638 2343 cui
662 2301 787 2364 semper
805 2281 863 2344 uni
881 2280 1057 2364 plurimum
1076 2281 1189 2366 tribui,

168 2367 286 2431 iudicio
306 2368 510 2450 comprobari
529 2371 650 2451 putem.
690 2367 752 2444 Qui
771 2368 861 2453 mihi,
880 2368 967 2452 quod
985 2391 1079 2452 saepe
1099 2368 1188 2434 soleo

168 2455 338 2539 reeordari,
361 2454 443 2518 dixit
463 2455 541 2519 olim
560 2453 665 2519 Nonis
683 2455 750 2519 illis
769 2455 1011 2542 Decembribus,
1035 2479 1108 2522 eum
1128 2477 1188 2542 ego

169 2541 291 2626 ‘Sexte7
316 2542 468 2626 quidnam
492 2543 611 2627 ergo?'
1202 2570 1227 2611 15

170 2666 240 2748 ‘Mat
252 2666 338 2749 μάν’,
355 2666 462 2749 inquit
471 2666 535 2751 ille,
551 2665 692 2731 ‘teuent
695 2669 709 2730 ί
718 2690 755 2748 γε
769 2665 824 2730 καὶ
839 2666 977 2742 ἀκλειῶς
991 2666 1189 2754 ἀπολοίμην,

170 2753 253 2817 ἀλλὰ
277 2752 359 2836 μέγα
383 2752 477 2837 ῥέξας
499 2777 531 2818 τι
553 2753 608 2818 καὶ
633 2752 841 2838 ἐσσομένοισι
863 2753 1058 2819 πυθέσθαι]

168 2891 251 2958 Eius
274 2893 376 2977 igitur
405 2893 486 2957 mihi
508 2894 589 2957 vivit
620 2895 810 2981 auctoritas,
840 2897 872 2958 et
903 2895 1088 2959 simillimus
1118 2897 1185 2961 eius

168 2980 256 3044 filius
275 2982 386 3044 eodem
405 2985 455 3044 est
474 2980 560 3064 apud
577 3002 630 3045 me
648 2983 796 3066 pondere,
816 3004 880 3067 quo
899 2983 963 3046 fuir
981 2984 1044 3048 ille.
1084 2983 1186 3059 Quem

170 3069 292 3133 salvere
315 3069 413 3132 velim
435 3068 547 3132 iubeas
571 3069 756 3153 plurimum.
1198 3099 1222 3137 a

134 3174 151 3222 2
237 3157 287 3220 Tu
310 3161 403 3221 tuum
426 3157 599 3221 consilium
625 3159 687 3222 etsi
714 3180 781 3222 non
807 3159 842 3222 in
869 3159 1085 3244 longinquum
1108 3165 1185 3224 tem-

169 3266 230 3328 pus
264 3244 371 3308 differs
405 3242 490 3330 (iam
527 3245 612 3309 enim
648 3246 742 3310 illum
774 3251 917 3330 emptum
949 3247 1185 3331 pacificatorem

169 3353 337 3414 perorasse
368 3337 462 3418 pute,
491 3333 557 3397 iam
587 3337 693 3397 aetum
724 3334 847 3417 aliquid
874 3356 941 3399 esse
968 3335 1003 3398 in
1033 3357 1185 3401 consessu

171 3424 370 3506 senatorum3
400 3427 542 3487 senatum
572 3422 657 3484 enim
684 3443 750 3485 non
779 3420 893 3509 puto),
923 3427 1032 3488 tamen
1056 3445 1185 3508 suspen-
