2578 3886
169 179 233 243 342
521 177 559 231 Μ.
578 176 686 230 TULLI
705 175 895 231 CICERONIS

167 323 239 406 ipsa
262 321 472 404 Alexandrea,
495 320 531 385 in
548 321 639 406 urbe,
661 322 697 384 ic
713 317 818 384 Italia.
855 309 1035 404 Ego'vero,
1060 319 1200 383 etiamsi

167 410 330 474 rediturus
362 410 417 473 ille
450 412 514 492 est,
545 409 602 492 qui
634 408 738 472 adhuc
770 408 893 473 bellum
921 428 1032 492 gerere
1061 408 1199 491 dicitur,

167 502 275 562 tamen
300 502 375 562 ante
397 496 538 560 reditum
557 497 625 560 eius
648 496 817 582 negotium
836 496 1017 560 confectum
1036 495 1080 559 iri
1098 499 1198 578 puto.

132 605 148 653 2
234 585 329 663 Quod
360 589 469 648 autem
502 584 617 648 scribis
651 584 812 667 quandam
838 584 997 648 laetitiam
1025 584 1199 648 bonorum

168 696 238 739 esse
261 677 466 757 commotam,
487 676 525 736 ut
549 673 593 735 sit
616 673 763 736 auditum
786 672 825 736 de
847 673 976 756 litteris,
998 676 1037 734 tu
1056 671 1197 754 quidem
1226 697 1236 736 ⁵

167 762 251 826 nihil
279 761 526 846 praetermittit,
554 761 589 823 in
617 782 681 844 quo
711 765 805 844 putes
829 760 951 844 aliquid
975 760 1087 824 solacii
1113 781 1198 844 esse,

169 850 225 914 sed
248 871 307 934 ego
331 871 398 913 non
416 848 556 912 adducor
575 870 768 932 quemquam
788 849 910 912 bonum
928 847 1029 911 ullam
1048 847 1197 912 salutem

123 937 127 948 ⁴
168 942 283 1022 putare
312 936 393 1001 mihi
420 936 504 1000 tanti
531 936 644 1021 fuisse,
671 941 709 999 ut
732 959 802 1000 eam
825 941 967 1020 peterem
990 936 1031 1000 ab
1054 936 1132 1024 illo,
1163 941 1198 1000 et

159 1047 206 1090 .eo
229 1026 346 1108 minus,
374 1024 460 1108 quod
483 1023 580 1088 huius
603 1025 732 1088 consilii
753 1025 819 1088 iam
841 1046 883 1089 ne
907 1025 1032 1089 socium
1055 1024 1195 1108 quidem

167 1113 272 1177 habeo
301 1134 501 1196 quemquam.
548 1110 611 1188 Qui
637 1113 672 1175 in
699 1110 779 1176 Asia
809 1117 899 1200 sunt,
930 1135 1038 1176 rerum
1063 1112 1196 1176 exitum
1212 1140 1236 1177 ιο

169 1204 369 1285 exspectant,
405 1199 539 1264 Achaici
572 1200 669 1264 etiam
701 1198 794 1264 Fufio
828 1223 916 1284 spem
951 1200 1195 1284 deprecationis

168 1289 315 1352 afferunt.
360 1287 487 1353 Horum
516 1292 549 1352 et
571 1289 670 1352 timor
692 1289 777 1352 idem
799 1289 863 1352 fuit
885 1289 992 1372 primo
1017 1289 1074 1372 qui
1096 1309 1196 1353 meus

168 1381 201 1440 et
224 1377 451 1460 constitutum3
473 1398 565 1440 mora
582 1375 802 1440 Alexandrina
820 1399 950 1441 causam
967 1377 1100 1440 illorum
1119 1399 1196 1441 cor-

132 1465 266 1549 erexit,
293 1487 398 1529 meam
429 1465 552 1528 evertit.
599 1463 701 1539 Quam
725 1465 767 1529 ob
795 1487 864 1528 rem
891 1466 976 1529 idem
1004 1468 1078 1529 ate
1100 1485 1195 1530 nunc
1276 1515 1277 1530 ,

167 1557 243 1637 peto
269 1554 355 1636 quod
378 1553 599 1636 superioribus
622 1552 752 1639 litteris,
774 1557 821 1638 ut,
845 1553 874 1617 si
898 1554 976 1636 quid
998 1553 1035 1617 in
1051 1552 1195 1636 perditis
1210 1579 1235 1619 15

167 1642 263 1706 rebus
296 1642 481 1725 dispiceres,
513 1641 600 1724 quod
632 1641 714 1705 mihi
745 1645 877 1724 putares
909 1640 1104 1726 faciendum,
1139 1664 1195 1705 me

166 1751 322 1794 moneres.
369 1727 404 1792 si
435 1729 574 1811 recipior
607 1729 647 1792 ab
677 1728 744 1813 his,
777 1729 863 1813 quod
894 1729 984 1793 vides
1010 1751 1077 1794 non
1108 1729 1194 1814 fieri,
1277 1799 1278 1810 χ

167 1821 290 1901 tamen,
323 1817 428 1900 quoad
458 1817 580 1880 bellum
609 1816 684 1902 erit,
717 1817 794 1900 quid
825 1839 918 1903 agam
946 1821 1003 1881 aut
1030 1817 1089 1881 ubi
1117 1818 1193 1902 sim,

165 1926 233 1970 non
256 1906 393 1990 reperio,
428 1904 478 1968 sin
501 1905 616 1988 iactor,
646 1905 821 1969 eominus.
868 1904 982 1989 Itaque
1004 1910 1078 1969 tuas
1102 1905 1194 1970 litte-
1278 1918 1279 2002 l

166 2015 220 2057 ras
246 1997 410 2077 exspecto,
441 2014 558 2076 easque
583 1997 620 2057 ut
646 1993 762 2056 adme
788 1995 857 2057 sine
883 1994 1085 2058 dubitatione
1112 1994 1192 2058 scri-
1207 2021 1233 2060 so
1278 2003 1279 2044 l

167 2081 236 2166 bas,
258 2103 348 2166 rogo.

130 2187 148 2234 4
235 2168 329 2245 Quod
356 2170 484 2254 suadeo,
516 2172 553 2232 ut
581 2169 621 2231 ad
645 2167 802 2243 Quintum
831 2169 968 2233 scribom
999 2170 1038 2233 de
1060 2169 1113 2233 his
1136 2170 1192 2234 lit-

166 2258 255 2342 teriS,
269 2258 416 2341 facerem,
430 2258 459 2321 si
477 2278 528 2320 me
548 2257 721 2339 quicquam
739 2257 820 2321 istae
839 2257 967 2321 litterae
982 2257 1192 2322 delectarent,

166 2345 242 2410 Etsi
269 2344 400 2429 quidam
428 2345 559 2428 scripsit
588 2345 627 2408 ed
649 2366 701 2408 me
723 2344 775 2409 his
798 2345 919 2409 verbis:
953 2345 1051 2430 ‘Ego
1079 2350 1122 2410 ut
1150 2346 1193 2410 in

166 2433 228 2498 his
260 2433 372 2497 malis
404 2431 534 2496 Patris
570 2453 650 2500 sum
681 2454 757 2497 non
788 2433 954 2517 invitus,
987 2454 1112 2497 essem
1142 2434 1193 2498 li·
1207 2461 1232 2501 u

166 2521 339 2604 bentius,
376 2521 409 2584 si
444 2521 566 2584 frater
598 2525 690 2584 tuus
723 2542 765 2585 ea
798 2520 841 2585 de
872 2526 910 2584 te
941 2521 1193 2608 loqueretur,

167 2630 262 2692 quae
295 2629 366 2693 ego
400 2609 536 2672 audire
569 2608 726 2672 vellem'
774 2607 868 2683 Quod
894 2610 942 2673 ais
969 2609 1063 2673 illum
1092 2610 1133 2674 ad
1156 2615 1193 2676 te

127 2697 129 2706 '
167 2696 307 2760 scribere
325 2717 377 2759 me
396 2696 460 2759 sibi
477 2697 584 2760 nullas
603 2697 729 2761 litteras
748 2698 923 2782 remittere,
937 2698 1036 2762 semel
1054 2699 1095 2762 ab
1115 2699 1191 2782 ipso

167 2784 281 2867 accepi.
327 2782 380 2847 Ad
408 2805 461 2848 eas
490 2783 681 2868 Cephalioni
710 2785 796 2870 dedi,
825 2787 881 2868 qui
908 2787 1031 2850 multos
1059 2808 1192 2851 menses

166 2872 412 2954 tempestatibus
448 2876 594 2937 retentus
628 2878 685 2937 est.
738 2873 895 2949 Quintum
926 2875 1031 2938 filium
1062 2874 1104 2939 ad
1136 2897 1191 2940 me
1205 2901 1231 2941 eo

166 2959 372 3023 acerbissime
396 2960 562 3042 scripsisse
585 2960 650 3024 iam
673 2965 747 3026 ante
771 2963 812 3025 ad
835 2966 868 3026 te
892 2962 1014 3045 scripsi.
1102 3037 1104 3042 ¹

129 3063 146 3112 o
233 3046 425 3111 Extremum
453 3051 515 3131 est,
549 3049 636 3131 quod
668 3054 701 3113 te
736 3072 837 3134 orem,
871 3051 899 3114 si
932 3054 1029 3134 putas
1060 3055 1190 3118 rectum

166 3156 236 3199 esse
259 3139 292 3199 et
315 3159 334 3200 a
356 3139 388 3198 te
413 3136 534 3218 suscipi
556 3158 670 3223 posse,
699 3159 773 3202 oum
796 3137 933 3202 Camillo
958 3139 1189 3226 communices,

164 3228 202 3286 ut
225 3223 409 3288 Terentiam
440 3225 599 3288 moneatis
622 3225 661 3288 de
684 3229 888 3291 testamento.
935 3227 1096 3311 Tempora
1119 3250 1188 3292 mo·

164 3316 251 3396 nent,
265 3316 302 3375 ut
320 3313 436 3396 videat,
451 3335 472 3375 u
507 3312 586 3376 setis
606 3313 713 3398 faciat,
727 3315 845 3398 quibus
865 3315 989 3379 debeat.
1020 3313 1185 3380 Auditum
1201 3341 1227 3384 cs

165 3421 205 3462 ex
223 3399 401 3464 Philotimo
421 3403 470 3465 est
489 3422 559 3463 eam
579 3401 732 3466 scelerate
752 3403 908 3487 quaedam
926 3404 1039 3468 facere,
1079 3403 1187 3469 Credi-

163 3486 230 3551 bile
253 3489 307 3551 vix
330 3493 394 3572 est,
422 3488 478 3552 sed
501 3493 600 3574 certe,
630 3490 658 3553 si
682 3490 759 3573 quid
783 3496 842 3577 est,
866 3491 952 3576 quod
975 3492 1046 3555 fieri
1070 3493 1186 3578 possit,
