2560 3880
166 149 230 213 558
485 146 521 200 Μ.
541 145 648 200 TULLI
667 143 854 200 CICERONIS

165 314 247 377 mus,
269 292 378 355 audita
395 312 447 355 res
467 295 534 355 erat
553 294 585 354 et
604 289 806 373 pervulgata3
829 288 878 351 tui
897 288 994 351 etiam
1012 288 1174 353 tabellarii

166 381 206 444 ad
237 380 356 443 multos
383 379 557 442 familiares
585 381 659 441 tuos
687 377 811 441 litteras
840 376 1023 440 attulerant.
1071 375 1174 452 Quare

166 490 268 551 neque
296 466 522 551 supprimenda
548 488 599 530 res
628 469 708 549 erat,
735 465 925 549 praesertim
952 487 1025 530 curn
1048 464 1083 528 id
1106 465 1174 529 fieri

165 578 232 620 non
254 560 372 641 posset,
399 576 511 640 neque,
534 554 562 618 si
585 558 704 638 posset,
726 574 792 617 non
814 553 1040 638 divulgandam
1064 553 1173 638 potius

167 666 263 727 quarn
286 644 505 707 occultandam
526 645 719 725 putaremus.
1196 664 1206 704 s

102 745 117 792 o
132 740 169 808 (3)
232 729 281 795 De
299 730 450 796 Cicerone
468 751 550 816 meo,
572 734 613 816 et,
637 730 664 794 si
682 734 809 793 tantum
827 731 876 792 est
894 729 929 792 in
947 750 992 811 ec,
1016 733 1173 812 quantum

167 820 291 905 scribis,
313 823 440 883 tantum
464 819 594 903 scilicet,
617 821 772 901 quantum
795 817 903 901 debeo,
925 817 1046 901 gaudeo
1072 821 1114 900 et,
1139 818 1173 900 si,

168 907 253 991 quod
275 929 361 971 amas
385 929 470 989 eurn,
499 928 535 971 eo
559 907 680 970 maiora
702 907 789 990 facis,
818 905 853 969 id
874 905 982 988 ipsum
1004 905 1173 969 incredibi-

166 995 241 1059 liter
264 996 397 1081 gaude0,
420 1017 439 1058 a
461 999 493 1058 te
517 1016 589 1058 eum
612 994 713 1078 diligi.

593 1258 624 1323 v
648 1256 748 1341 [vin.

365 1379 422 1434 Ser.
438 1380 541 1434 Romae
559 1378 639 1432 XVI
653 1378 690 1432 K.
706 1378 779 1432 Mat.
794 1395 819 1432 a.
835 1381 886 1432 711
908 1381 975 1447 (43).
1018 1375 1022 1382 '

488 1499 615 1556 CICERO
634 1499 756 1555 BRUTO
776 1499 849 1554 SAL.

132 1627 145 1674 1
232 1608 318 1685 Quae
344 1609 471 1673 litterae
498 1613 555 1672 tuo
582 1609 711 1672 nomine
737 1608 887 1672 recitatae
915 1608 980 1672 sint
1002 1607 1048 1674 Id.
1068 1608 1170 1694 April.

165 1699 201 1762 in
223 1703 336 1762 senatu
359 1698 532 1780 eodemque
554 1700 698 1780 tempore
719 1695 852 1781 Antoni,
875 1697 967 1760 credo
987 1696 1027 1760 ad
1045 1701 1079 1762 te
1099 1699 1171 1762 scri·

166 1787 269 1870 psisse
296 1791 385 1869 tuos3
417 1806 553 1870 quorum
580 1805 640 1869 ego
667 1785 787 1848 nemini
810 1785 954 1848 concedo.
1002 1784 1064 1849 Sed
1088 1786 1170 1850 nihil
1183 1809 1204 1849 a

166 1895 294 1938 necesse
325 1877 393 1938 erat
425 1873 533 1937 eadem
566 1893 687 1957 omnes,
720 1872 801 1937 illud
831 1893 959 1937 necesse
990 1895 1041 1937 me
1072 1874 1114 1938 ad
1140 1879 1171 1938 te
1271 1951 1272 1954 Ἴ

168 1963 318 2048 scribere,
349 1961 427 2045 quid
459 1961 610 2025 sentirem
641 1964 712 2024 tota
742 1960 780 2024 de
812 1961 1042 2025 constitutione
1074 1961 1170 2026 huius

166 2050 244 2114 belli
267 2054 298 2114 et
321 2071 385 2133 quo
408 2049 524 2113 iudicio
547 2069 649 2112 essem
667 2070 793 2132 quaque
812 2049 977 2113 sententia.
1010 2049 1170 2114 Voluntas

167 2161 250 2225 mea,
275 2138 391 2224 Brute,
417 2138 455 2201 de
477 2159 601 2201 summa
623 2158 658 2200 re
680 2137 809 2219 publica
832 2159 956 2220 semper
977 2137 1086 2202 eadem
1109 2140 1171 2203 fuit

168 2249 248 2310 quae
270 2231 339 2311 tua,
366 2226 448 2290 ratio
472 2226 663 2310 quibusdam
684 2225 719 2288 in
741 2225 836 2290 rebus
860 2223 940 2311 (non
962 2227 1048 2290 enim
1071 2227 1170 2290 omni-
1183 2251 1205 2289 rc

167 2313 242 2401 bus)
273 2314 370 2399 paulo
398 2315 536 2378 fortasse
566 2313 792 2377 vehementior.
843 2311 911 2377 Scis
938 2313 1018 2378 milri
1047 2336 1171 2399 semper

167 2403 323 2485 placuisse
339 2425 405 2466 non
422 2423 498 2486 rege
516 2401 629 2487 solum,
644 2402 698 2466 sed
716 2422 814 2486 regno
833 2401 964 2466 liberari
982 2424 1049 2466 rem
1067 2402 1170 2486 publi-

168 2511 249 2573 cam3
272 2495 309 2555 tu
330 2491 433 2554 lenius
456 2489 630 2554 immortali
653 2490 782 2555 omnino
807 2511 879 2555 cum
901 2493 958 2554 tua
975 2490 1082 2575 laude;
1106 2491 1170 2572 sed,

168 2577 245 2661 quid
273 2579 388 2642 melius
419 2578 530 2663 fuerit,
561 2599 677 2661 magno
709 2577 818 2642 dolore
849 2578 1020 2665 sensimus,
1051 2599 1169 2663 magno

167 2664 308 2749 periculo
332 2666 493 2730 sentimus.
538 2664 672 2729 Recenti
695 2665 752 2730 illo
775 2670 918 2750 tempore
940 2670 978 2730 tu
1001 2667 1109 2731 omnia
1131 2666 1206 2731 adar

167 2775 289 2836 pacem,
317 2775 398 2837 quae
421 2754 565 2820 oratione
587 2754 700 2818 confici
722 2776 789 2819 non
810 2758 952 2839 poterat,
979 2775 1039 2840 ego
1063 2755 1171 2820 omnia

167 2841 207 2904 ad
229 2841 420 2925 libertatern,
442 2863 523 2926 quae
546 2842 615 2907 sine
636 2863 713 2926 pace
735 2842 823 2906 nulla
841 2846 899 2907 est.
934 2842 1049 2907 Pacem
1067 2844 1170 2927 ipsam

167 2929 252 2993 bello
277 2933 373 3012 atque
396 2930 492 2994 armis
515 2930 599 2995 effici
620 2951 715 3014 posse
737 2930 924 2995 arbitrabar.
970 2930 1083 2995 Studia
1105 2953 1170 2995 non

169 3019 298 3082 deerant
325 3039 413 3080 arma
434 3019 649 3104 poscentium3
682 3040 819 3102 quorum
840 3019 1050 3103 repressimus
1073 3020 1170 3103 impe-

133 3108 237 3169 rtum
265 3104 471 3188 ardoremque
497 3106 710 3170 restinximus.
755 3106 868 3190 Itaque
894 3128 945 3170 res
972 3107 1006 3170 in
1030 3129 1103 3171 eum
1125 3108 1206 3172 lo-rc

169 3214 241 3256 cum
262 3197 406 3277 venerat,
434 3196 480 3278 ut,
501 3193 566 3258 nisi
590 3192 717 3259 Caesari
741 3192 915 3260 Octaviano
940 3195 1016 3258 deus
1041 3196 1170 3280 quidam

168 3279 258 3342 illam
281 3285 419 3345 mentem
442 3281 590 3365 dedisset,
613 3283 647 3344 in
669 3286 862 3364 potestatem
883 3282 1094 3366 perditissimi
1116 3283 1171 3348 ho

169 3365 265 3429 minis
289 3371 320 3430 et
342 3368 522 3452 turpissimi
544 3368 587 3432 M.
604 3367 727 3432 Antoni
751 3371 940 3435 veniendum
961 3371 1068 3456 fuerit,
1095 3393 1172 3455 quo-

170 3472 241 3515 cum
271 3453 359 3518 vides
390 3456 451 3520 hoc
482 3460 625 3540 tempore
655 3457 726 3539 ipso
759 3460 845 3542 quod
877 3459 921 3522 sit
952 3462 1171 3542 quantumque
