2616 3884
180 143 183 147 ’
228 120 230 124 ⁴
300 161 556 215 111313113311
575 162 623 216 an
642 161 804 218 srrroun
822 162 873 217 vn
892 169 916 231 1,
935 141 985 216 c(
1067 163 1130 226 201

191 305 332 389 Alexim,
364 305 633 370 humanissimum
660 327 810 391 puerum,
841 307 904 370 nisi
931 307 1029 390 forte,
1057 306 1134 370 dum

126 414 185 478 ego
209 394 332 479 absum,
355 393 538 457 adulescens
560 394 663 458 factus
688 398 736 458 est
760 392 812 481 (id
836 395 920 458 enim
939 414 1032 479 agere
1050 395 1136 458 vide-

124 481 254 568 batur),
277 482 398 558 salvere
421 482 531 546 iubeas
553 482 660 546 velim.

584 656 671 722 VIII.

96 789 111 830 a
236 778 292 834 Ser.
308 779 340 833 ia
358 777 511 833 Formiano
534 777 580 832 VI
594 785 643 834 aot
665 779 693 833 V
707 779 744 834 K.
759 781 823 835 Ica.
838 797 865 836 c.
881 784 935 836 704
954 783 1023 850 (50).

445 901 573 957 CICERO
590 901 723 957 ATTICO
742 903 816 958 SAL.

194 1009 278 1086 Quid
305 1032 385 1094 opus
414 1015 463 1075 est
491 994 529 1075 de
550 1010 708 1094 Dionysio
736 1015 803 1076 tam
831 1011 922 1076 valde
945 1011 1168 1076 adfirmarerr

127 1097 180 1162 An
207 1099 288 1163 mihi
309 1103 408 1162 nutus
431 1102 507 1162 tuus
529 1120 596 1164 non
618 1099 737 1163 faceret
759 1100 876 1164 fidem?
913 1099 1135 1183 Suspicionem
1257 1128 1260 1138 ¹

128 1190 235 1254 autem
254 1209 291 1251 eo
309 1186 390 1250 mihi
407 1188 562 1251 maiorem
579 1191 636 1251 tua
654 1187 858 1252 taciturnitas
874 1189 1034 1272 attulerat,
1050 1189 1135 1273 quod

82 1301 115 1340 ιο
128 1279 160 1338 31
182 1279 219 1339 tu
243 1275 326 1340 soles
350 1275 572 1360 conglutinare
594 1276 751 1339 amicitias
774 1277 968 1341 testimoniis
991 1278 1073 1362 tuis,
1103 1281 1137 1340 et

128 1363 220 1426 illum
238 1363 331 1427 aliter
349 1385 422 1427 cum
441 1364 512 1427 aliis
532 1363 569 1426 de
587 1363 682 1428 nobis
701 1364 845 1428 locutum
860 1365 1035 1429 audiebam.
1074 1364 1136 1430 Sed

128 1473 259 1535 prorsus
285 1452 334 1516 ita
359 1473 441 1536 esse,
468 1456 505 1514 111
538 1450 665 1536 3311113,
692 1452 773 1516 milri
795 1453 975 1536 persuades.
1020 1451 1136 1536 Itaque

128 1561 188 1624 ego
210 1540 239 1603 is
261 1539 297 1603 in
318 1539 413 1619 illurn
430 1543 516 1624 sum,
538 1561 633 1623 quem
656 1544 693 1604 tu
716 1561 766 1604 me
789 1562 858 1604 esse
882 1541 939 1605 vis.

194 1626 288 1692 Diem
315 1631 408 1692 tuum
435 1649 494 1712 ego
522 1648 650 1711 quoque
677 1650 715 1692 ex
744 1629 882 1711 epistula
910 1628 1047 1711 quadam
1069 1631 1170 1710 tuac

85 1741 113 1782 15
128 1737 225 1799 quam
251 1715 424 1798 incipiente
450 1716 606 1780 febricula
633 1716 820 1802 scripseras,
847 1715 927 1779 mihi
949 1720 1135 1780 notaveram

127 1809 165 1867 et·
188 1804 474 1868 animadverteram
501 1825 596 1887 posse
625 1826 684 1888 pro
712 1825 746 1867 re
773 1807 850 1868 nata
872 1808 905 1867 13
928 1825 994 1867 non
1017 1804 1134 1867 incom-

126 1893 221 1956 mode
254 1893 294 1956 ad
324 1915 376 1956 me
407 1893 443 1956 in
471 1891 634 1955 Albanum
666 1892 775 1957 venire
804 1910 843 1955 111
869 1890 982 1956 Nonas
1010 1889 1135 1956 Ianuar.

7 1981 10 1996 '
129 1978 205 2064 Sed,
237 1980 351 2045 amabo
380 1984 425 2064 te,
451 1980 535 2043 nihil
562 1980 764 2045 incommodo
793 1979 985 2044 valetudinis
1013 1980 1134 2044 feceris.

129 2067 211 2144 Quid
235 2069 319 2131 enim
343 2072 391 2132 est
414 2071 542 2132 tantum
565 2067 600 2131 in
622 2090 686 2132 uno
707 2072 762 2132 aut
786 2069 887 2132 altero
911 2068 983 2132 die?

27 2179 37 2198 ·
85 2183 114 2222 ac
194 2155 397 2220 Dolabellam
429 2156 521 2220 video
548 2154 657 2220 Liviae
689 2160 881 2220 testamento
910 2178 982 2220 cum
1010 2156 1171 2221 duobus3

129 2244 337 2308 coheredibus
361 2266 430 2309 esse
452 2244 487 2307 in
509 2244 635 2330 triente
658 2244 713 2308 sed
736 2245 841 2309 iuberi
862 2249 933 2308 mut
935 2266 988 2308 are
1010 2266 1135 2310 nomen

128 2331 191 2396 Est
213 2333 386 2397 πολιτικὸν
409 2331 544 2416 σκέμμα,
568 2336 732 2397 rectumne
756 2333 799 2397 sit
785 2332 921 2396 tnobili
941 2333 1136 2397 adulescenti

129 2424 254 2484 mutare
285 2442 403 2486 nomen
431 2421 616 2485 mulierist
602 2423 665 2484 test
667 2426 803 2485 amento.
855 2419 917 2485 Sed
943 2421 976 2484 id
1004 2427 1136 2504 φιλοσο-

131 2509 281 2595 octaceoc
299 2510 582 2594 ὃιευκρινήσομεν,
607 2531 679 2573 cum
698 2509 844 2594 sciemus,
867 2513 1024 2592 quantum
1044 2509 1137 2593 quasi

88 2621 117 2662 aa
132 2598 206 2661 sit
196 2620 231 2660 111
253 2597 381 2661 trientis
404 2597 530 2661 triente.

219 2683 311 2760 Quod
341 2685 465 2768 putasti
495 2685 564 2749 fore
595 2688 646 2768 ut,
676 2689 848 2768 antequam
875 2685 959 2749 istuc
985 2685 1173 2767 venirem,4

130 2772 318 2856 Pompeium
345 2773 500 2859 riderem,
527 2773 649 2837 factum
677 2778 727 2837 est
753 2774 812 2858 ita3
843 2794 919 2837 nam
942 2791 979 2836 vr
1000 2771 1072 2836 Kal.
1097 2773 1137 2836 ad

131 2860 323 2925 Lavernium
345 2882 393 2926 mc
416 2866 605 2925 consecutus
628 2865 684 2925 est.
726 2859 799 2926 Una
821 2860 967 2926 Formias
991 2861 1137 2924 venimus

133 2952 165 3012 et
183 2949 222 3013 ab
240 2949 321 3013 hora
339 2953 452 3014 octava
469 2950 508 3013 ad
526 2971 692 3033 vesperum
710 2953 831 3014 3331313
851 2948 1002 3014 collocuti
1016 2970 1136 3013 sumus.

92 3063 120 3102 ao
134 3035 224 3112 Quod
248 3038 389 3123 quaeris,
415 3059 532 3121 ecquae
555 3059 627 3120 spes
650 3037 881 3121 pacificationis
905 3038 957 3121 sit,
980 3041 1138 3120 quantum

133 3147 171 3188 ex
197 3124 331 3209 Pompei
361 3126 465 3190 multo
498 3129 530 3188 et
557 3130 704 3190 accurato
733 3147 877 3190 sermone
904 3125 1066 3209 perspexi,
1097 3147 1139 3188 ne

132 3213 282 3278 voluntas
313 3214 440 3297 quidem
464 3217 521 3278 cst.
567 3211 620 3278 Sic
642 3215 729 3278 enim
751 3214 928 3298 existimat,
959 3214 987 3276 si
1009 3213 1065 3276 ille
1089 3211 1139 3276 vel

133 3301 264 3367 dimisso
288 3303 430 3366 exercitu
452 3301 564 3367 consul
586 3303 690 3366 faetus
714 3302 767 3387 sit,
790 3302 953 3386 σύγχυσιν
971 3309 1028 3383 τῆς
1045 3305 1138 3364 πολι-

131 3393 220 3466 τείας
238 3390 316 3474 fore,
338 3394 434 3474 atque
453 3391 550 3454 etiam
568 3393 662 3473 putat
681 3412 762 3474 eum,
782 3411 854 3454 oum
872 3389 1009 3454 audierit
1028 3390 1140 3451 contra

94 3501 119 3543 a
133 3497 167 3542 se
191 3478 361 3564 diligenter
378 3479 494 3563 parari,
517 3478 719 3542 consulatum
737 3477 798 3541 hoc
817 3498 900 3541 anno
919 3476 1140 3558 neglecturum
