2564 3880
161 155 228 218 412
485 156 522 210 Μ.
542 156 650 210 TULLI
668 155 858 211 CICERONIS

619 385 721 450 XXV,

306 507 363 562 Sor.
378 509 410 562 ic
432 481 590 564 Tusculano
609 507 659 561 IV
673 508 718 562 Id.
740 507 834 578 Quint.
850 524 875 561 a.
892 486 1038 574 709145).

468 630 614 686 CICERO
631 629 778 686 ATTICO
796 628 880 684 SAL.

127 756 141 803 1
229 737 278 802 De
301 736 520 821 Andromene,
552 743 589 802 ut
618 739 748 821 scribis,
777 737 825 800 ita
852 726 1010 819 putaram.
1058 735 1178 802 Scisses

125 826 248 891 renim
276 826 422 910 mihique
445 826 589 890 dixisses,
635 826 685 890 Tu
708 831 818 890 tamen
839 825 887 888 ita
910 825 992 889 mihi
1014 825 1054 890 de
1076 825 1177 889 Bruto
1206 850 1217 888 5

162 915 290 997 scribis,
317 919 355 977 ut
382 914 420 977 de
447 917 481 977 te
507 914 599 978 nihil.
646 914 779 990 Quando
808 917 916 977 autem
943 913 1038 976 illum
1061 915 1178 996 putas?

161 1002 247 1067 Nam
275 1022 335 1084 ego
358 1001 498 1066 Romam
524 1003 627 1086 pridie
654 1002 740 1066 ldus.
787 1000 890 1065 Bruto
918 1000 966 1065 ita
991 1001 1082 1066 volui
1105 1002 1178 1065 scri-
1261 1063 1262 1076 ,

161 1091 237 1154 bere
265 1089 349 1175 (sed,
381 1091 534 1173 quoniam
556 1095 594 1155 tu
616 1095 649 1153 te
673 1090 789 1174 legisse
813 1089 942 1172 scribis,
970 1089 1018 1152 fui
1041 1090 1177 1153 fortasse
1263 1074 1264 1106 ¹

162 1175 410 1264 ἀσαφέστερος),
433 1199 484 1242 me
503 1200 542 1241 ex
559 1179 627 1242 tuis
645 1178 765 1244 litteris
783 1177 983 1242 intellexisse
1000 1177 1089 1242 nolle
1107 1199 1178 1240 eum
1264 1178 1265 1238 l

162 1288 214 1329 me
242 1265 334 1348 quasi
361 1266 577 1349 prosequendi
601 1267 652 1330 sui
675 1288 771 1330 causa
792 1264 931 1329 Romam
953 1287 1041 1328 nunc
1063 1266 1216 1329 venirem
1265 1284 1266 1356 1

163 1352 239 1436 Sed,
267 1354 420 1436 quoniam
441 1355 507 1418 iam
530 1355 620 1418 adest
643 1377 733 1419 meus
757 1354 928 1439 adventus,
954 1354 1021 1438 fac,
1052 1374 1178 1436 quaeso,
1266 1388 1267 1432 p

160 1463 202 1505 ne
226 1442 304 1525 quid
327 1464 401 1506 eum
414 1441 491 1506 Idus
509 1443 696 1529 impediant,
720 1442 912 1527 quominus
932 1463 991 1506 suo
1011 1441 1177 1505 commodo
1267 1494 1268 1526 ,

161 1530 196 1593 in
219 1529 401 1612 Tusculano
429 1531 481 1594 sit.
527 1530 597 1595 Nec
623 1531 709 1595 enim
732 1532 772 1594 ad
794 1530 941 1594 tabulam
964 1551 1038 1593 eum
1061 1528 1178 1594 deside
1267 1529 1269 1604 Ῐ

160 1623 292 1683 raturus
322 1640 410 1682 eram
437 1617 488 1703 (in
514 1619 574 1682 tali
602 1619 688 1682 enim
710 1619 843 1704 negotio
866 1639 923 1681 our
946 1621 984 1680 tu
1006 1639 1091 1680 unus
1114 1639 1179 1681 non

163 1708 242 1770 satis
275 1704 360 1792 est),
392 1707 448 1770 sed
476 1706 516 1770 ad
543 1710 775 1771 testamentum
803 1705 968 1791 volebam,
1001 1705 1088 1788 quod
1115 1706 1214 1769 1111111

161 1794 246 1858 malo
274 1795 339 1858 elio
359 1794 423 1877 die,
450 1816 491 1857 ne
514 1794 556 1858 ob
580 1816 650 1858 eam
674 1816 803 1858 causam
825 1793 963 1858 Romam
986 1793 1114 1858 venisse
1136 1793 1180 1858 vi·

162 1882 245 1946 dear.
292 1881 411 1965 Scripsi
441 1883 544 1968 igitur
571 1883 612 1946 ad
635 1883 775 1946 Brutum
802 1883 868 1946 iam
891 1881 985 1964 illud,
1015 1881 1103 1965 quod
1125 1903 1180 1964 pu-

161 1974 295 2057 tassem,
329 1970 441 2034 Idibus
469 1971 553 2034 nihil
583 1992 665 2054 opus
695 1993 772 2034 esse.
825 1968 933 2034 Velim
965 1989 1042 2053 ergo
1073 1973 1181 2033 totum

161 2058 223 2122 hoc
245 2059 292 2122 ita
315 2059 485 2144 gubernes,
508 2063 608 2122 utne
631 2059 766 2123 minima
789 2058 919 2142 quidem
941 2079 976 2120 re
998 2057 1067 2121 ulla
1085 2056 1181 2120 Bruti

162 2147 365 2210 commodum
388 2147 608 2230 impediamus.
1194 2169 1217 2208 eo

126 2249 142 2297 1
229 2233 292 2298 Sed
315 2234 393 2318 quid
416 2239 465 2298 est
487 2235 626 2317 tandem,
655 2233 741 2318 quod
764 2232 1000 2318 perhorrescas,
1023 2231 1101 2315 quia
1124 2237 1181 2296 tuo

161 2322 303 2405 periculo
332 2322 461 2386 iubeam
488 2322 590 2387 libros
614 2322 684 2385 dari
708 2321 871 2387 Varroni?
908 2321 1019 2385 Etiam
1042 2321 1182 2384 nuncsi

162 2411 300 2492 dubitas,
327 2410 387 2494 fao,
415 2413 452 2473 ut
476 2410 622 2474 sciamus.
669 2407 763 2473 Nihil
786 2413 833 2474 est
857 2409 943 2473 enim
965 2408 1031 2472 illis
1056 2409 1182 2492 elegan-

160 2499 235 2562 tius.
281 2497 367 2561 Volo
390 2495 583 2580 Varronem,
610 2497 800 2581 praesertim
829 2519 901 2561 eum
924 2496 980 2560 ille
1003 2496 1183 2580 dosideret3

162 2586 218 2649 sed
241 2589 299 2670 est,
322 2589 360 2648 ut
381 2586 454 2667 scis,
1196 2609 1220 2648 11

227 2709 350 2783 εδεινὸς
372 2707 470 2792 ἀνήρ·
508 2709 590 2792 τάχα
612 2731 671 2773 κεν
694 2706 749 2772 καὶ
773 2707 925 2772 ἀναίτιον
948 2707 1125 2794 αἰτιόῳτο)

160 2848 212 2912 Ita
238 2847 319 2911 mihi
343 2868 437 2931 saepe
460 2849 600 2912 occurrit
622 2848 733 2912 vultus
761 2847 829 2912 eius
854 2847 1019 2931 querentis
1041 2846 1183 2911 fortasse

160 2936 212 3000 vel
238 2934 313 3018 hoc,
344 2957 431 2999 meas
458 2937 561 3019 partis
589 2937 624 3000 in
651 2936 692 3000 iis
722 2936 816 3000 libris
845 2935 1008 3018 copiosius
1032 2934 1182 2998 defensas

162 3045 230 3088 esse
257 3046 354 3107 quam
385 3045 473 3107 suas,
505 3024 591 3106 quod
614 3024 795 3088 mehercule
817 3045 885 3087 non
906 3045 975 3088 esse
998 3022 1182 3108 intelleges,

162 3113 189 3176 si
220 3112 346 3196 quando
369 3112 404 3176 in
433 3111 572 3194 Epirum
598 3112 732 3176 veneris.
782 3109 867 3175 Nam
894 3132 980 3175 nunc
1009 3109 1180 3176 Alexionis
1195 3137 1221 3176 1ο

162 3200 311 3283 epistulis
338 3200 489 3264 cedimus.
536 3199 599 3264 Sed
625 3204 735 3264 tamen
763 3220 823 3284 ego
852 3221 920 3263 non
948 3200 1083 3281 despero
1106 3220 1181 3283 pro·

161 3287 275 3351 batum
304 3288 345 3350 iri
367 3287 509 3353 Varroni
536 3291 568 3350 et
590 3288 637 3371 id,
665 3288 818 3370 quoniam
841 3288 1020 3370 impensam
1042 3286 1180 3351 fecimus

161 3374 197 3436 in
218 3374 423 3457 macrocolla,
451 3374 544 3438 facile
566 3375 674 3457 patior
697 3375 808 3438 teneri.
855 3372 926 3460 Sed,
957 3374 1055 3438 etiam
1081 3378 1179 3457 etque

161 3461 259 3524 etiem
281 3461 362 3548 dico,
386 3466 443 3526 tuo
467 3461 609 3544 periculo
632 3461 697 3526 fiet.
745 3461 858 3547 Quare,
882 3462 910 3526 si
934 3461 1116 3548 addubitas,
1138 3461 1180 3524 ed

1047 3806 1272 3825 ..,--2*
