2564 3880
297 961 355 1044 Μ.
383 963 576 1044 TULLI
605 962 947 1048 CICERONIS

240 1121 627 1196 EPISTULARUM
659 1123 728 1196 AD
760 1122 1005 1197 ATTIOUM

339 1275 472 1340 amaa
495 1274 683 1342 ruamus
705 1277 912 1344 Dromos,

608 1557 634 1622 l.

84 1687 99 1728 e
289 1677 346 1734 Ser.
360 1679 393 1732 in
414 1678 570 1733 Tusculano
588 1678 621 1732 X
637 1679 674 1733 K.
689 1681 755 1733 Ian.
775 1697 800 1734 a.
816 1683 872 1734 709
891 1683 960 1749 (45).

479 1800 607 1856 CICERO
626 1800 766 1856 ATTICO.

182 1908 236 1973 Ad
267 1905 454 1974 Ciceronem
491 1909 538 1973 ita
571 1909 746 1996 scripsisti,
781 1913 819 1974 ut
849 1931 954 1993 neque
987 1909 1164 1976 severiusl

114 2018 220 2081 neque
256 1997 465 2082 temperatius
499 1997 597 2062 scribi
623 1998 767 2080 potuerit
794 2019 853 2062 nec
883 1998 1004 2083 magis,
1035 2020 1132 2082 quem

115 2085 156 2148 ad
182 2084 314 2149 modum
341 2105 402 2169 ego
428 2085 567 2149 maxime
593 2086 723 2171 vellem3
755 2085 1005 2169 prudentissime
1033 2087 1131 2151 etiam

74 2197 102 2236 ro
116 2173 156 2237 ad
179 2172 314 2237 Tullios.
361 2171 465 2248 Quare
493 2177 549 2237 aut
576 2173 640 2238 ista
667 2174 845 2260 proficient,
868 2177 925 2238 aut
948 2174 1035 2238 aliud
1057 2196 1131 2259 aga·
1206 2257 1208 2260 ι

114 2283 197 2326 mus.
246 2258 296 2324 De
328 2260 463 2344 pecunia
493 2283 569 2326 vero
599 2261 691 2326 video
724 2284 743 2325 a
776 2266 810 2325 te
841 2283 968 2327 omnem
998 2262 1166 2347 diligen-2

115 2350 196 2414 tiam
224 2348 370 2412 adhiberi
397 2348 449 2413 vel
477 2348 588 2431 potius
617 2349 683 2414 iam
712 2349 891 2414 adhibitam
914 2372 992 2415 esse.
1039 2349 1132 2426 Quod

116 2437 144 2500 si
167 2436 279 2522 efficis,
300 2459 320 2500 a
342 2440 375 2501 te
397 2435 512 2500 hortos
534 2436 670 2502 habebo.
711 2437 780 2502 Neo
802 2459 878 2502 vero
901 2438 1006 2502 ullum
1029 2459 1131 2524 genus

114 2525 331 2608 possessionis
355 2528 415 2612 est,
437 2524 523 2608 quod
545 2525 666 2611 malim,
688 2526 827 2590 maxime
851 2526 972 2590 scilieet
995 2527 1037 2590 ob
1062 2549 1133 2591 eam

74 2635 101 2677 15
115 2634 260 2697 oausam,
287 2633 369 2695 quae
396 2615 545 2695 suscepta
573 2617 635 2697 est3
667 2610 758 2677 cuius
786 2614 1028 2679 festinationem
1050 2615 1132 2679 mihi

115 2700 216 2784 tollis,
240 2699 393 2783 quoniam
416 2700 455 2764 de
478 2703 599 2764 aestate
621 2701 784 2783 polliceris
807 2702 859 2766 vel
877 2703 987 2784 potius
1004 2704 1131 2787 recipis.

6 2809 20 2856 a
114 2787 240 2853 Deinde
272 2789 370 2852 etiam
402 2788 442 2853 ad
473 2791 675 2871 καταβίωσιν
700 2790 961 2873 maestitiamque
987 2792 1133 2856 minuen-

115 2875 189 2940 dam
210 2875 294 2940 nihil
316 2875 397 2939 mihi
419 2876 553 2960 reperiri
575 2880 684 2960 potest
707 2877 828 2963 aptius3
861 2879 951 2942 cuius
974 2879 1022 2943 rei
1045 2880 1132 2962 cupi-

115 2963 201 3027 ditas
224 2963 364 3048 impellit
386 2985 437 3028 me
460 2963 632 3049 interdum,
654 2968 691 3028 ut
714 2968 747 3029 te
769 2964 895 3030 hortari
917 2967 1023 3031 velim.
1070 2965 1133 3031 Sed

76 3077 102 3115 20
115 3073 168 3116 ma
186 3051 257 3134 ipse
274 3073 404 3138 revoco;
426 3074 494 3116 non
512 3052 599 3116 enim
616 3052 741 3139 dubito,
759 3054 847 3138 quin,
866 3054 953 3138 quod
970 3075 1022 3117 me
1040 3055 1133 3118 valde

114 3138 197 3203 velle
220 3143 325 3225 putes,
346 3139 381 3204 in
404 3162 442 3204 eo
464 3144 501 3205 tu
524 3161 575 3204 me
593 3141 701 3224 ipsum
719 3142 894 3224 cupiditate
913 3141 1031 3206 vineas.
1069 3139 1133 3206 Ita-

116 3249 179 3310 que
201 3227 287 3291 istuc
308 3227 374 3291 iam
396 3250 456 3311 pro
479 3228 564 3292 facto
587 3227 700 3292 habeo.

183 3314 360 3402 Exspecto,
391 3315 468 3399 quid
490 3316 563 3380 istis
587 3317 711 3399 placeat
733 3316 772 3380 de
794 3315 933 3399 epistula
957 3315 997 3379 ad
1019 3313 1133 3380 Caesa·
1152 3335 1169 3382 3

114 3424 192 3467 rem.
242 3401 352 3468 Nicias
383 3408 429 3488 te,
461 3407 499 3468 ut
527 3403 635 3488 debet,
666 3407 753 3468 amat
780 3404 1049 3486 vehementerque
1076 3407 1133 3468 tua

75 3514 100 3556 aa
115 3491 168 3554 sui
185 3492 342 3557 memoria
360 3491 545 3556 delectatur.
577 3491 651 3576 Ego
670 3512 746 3556 vero
764 3491 964 3556 Peducaeum
981 3495 1134 3555 nostrum
