2560 3880
217 184 282 248 478
537 183 574 237 Μ.
594 181 702 236 TULLI
720 180 909 236 CICERONIS

217 326 401 391 oissimam‘?
433 325 498 389 Res
517 324 749 409 Hispanienses
766 324 859 388 valde
877 325 992 410 bonae,
1009 324 1110 389 modo
1130 324 1231 388 Balbi-

216 416 298 479 lium
320 414 512 478 incolumem
530 413 664 497 videam,
687 413 870 476 subsidium
891 416 1025 476 nostrae
1049 413 1230 476 senectutis.
1260 409 1261 466 l

217 503 299 586 †De
321 501 472 566 Anniano
495 501 574 564 item
602 501 689 584 quod
714 523 767 565 me
793 500 885 564 valde
913 501 1065 565 observat
1089 501 1229 566 Visellia.

218 589 281 655 Sed
310 590 389 654 haec
422 590 550 674 quidem
577 589 726 652 humana.
771 588 820 652 De
848 588 953 652 Bruto
980 591 1013 652 te
1040 589 1127 652 nihil
1158 590 1229 652 scire
1261 661 1262 678 ,

219 679 306 762 dicia,
330 678 386 742 sed
404 676 540 742 Servilia
562 677 688 741 venisse
711 676 753 740 M.
774 674 950 761 Scaptium,
972 678 1148 760 †eumqne
1171 699 1228 740 non
1245 699 1262 738 s,

218 789 283 850 qna
303 788 435 850 pompa,
463 765 503 828 ad
525 787 559 828 se
581 768 691 828 tamen
713 765 795 829 clam
816 769 990 828 venturum
1013 764 1228 848 sciturumquc

217 877 268 919 me
301 855 422 939 omnia,
454 875 536 937 quae
569 874 629 938 ego
658 853 777 916 statim.
827 852 954 917 Interea
983 857 1098 916 narrat
1126 853 1227 917 eaden

218 942 312 1006 Bassi
340 963 468 1006 servum
495 940 635 1026 venisse,
662 940 718 1024 qui
740 941 905 1004 nuntiaret
927 941 1072 1026 legiones
1097 940 1227 1005 Alexan-
1262 976 1263 990 ÷

218 1030 326 1094 drinas
350 1031 385 1094 in
408 1029 505 1094 armis
529 1050 607 1112 esse,
630 1028 768 1092 Bassum
791 1029 917 1112 arcessi,
936 1026 1088 1092 Cassium
1108 1051 1227 1113 exspec-

217 1118 289 1182 tari.
341 1117 425 1193 Quid
457 1117 607 1200 quaeris?
652 1117 779 1180 videtur
809 1137 861 1181 res
893 1117 1022 1200 publica
1052 1117 1106 1182 ius
1140 1141 1250 1182 suumn

217 1208 451 1288 recuperatore.
498 1203 560 1269 Sed
586 1225 626 1268 ne
655 1204 732 1288 quid
755 1209 853 1276 ante„
882 1203 981 1268 Nosti
1003 1205 1126 1270 horum
1150 1227 1226 1270 exer-

217 1293 405 1358 citationem
427 1293 462 1356 in
483 1292 654 1356 latrocinio
678 1297 710 1356 et
733 1292 914 1357 amentiam.

182 1401 197 1446 5
283 1381 467 1465 Dolabella,
498 1381 547 1444 vir
575 1382 716 1464 optimus
723 1433 732 1465 ,
769 1381 844 1465 atsi,
874 1401 947 1444 cum
975 1380 1162 1444 scribebam
1190 1403 1227 1444 se

217 1469 320 1533 cunda
337 1491 449 1534 mensa
467 1469 624 1553 adposita,
643 1469 769 1533 venisse
788 1492 861 1532 eum
880 1469 920 1532 ad
937 1467 1034 1532 Baias
1054 1469 1227 1552 audiebam,

216 1562 325 1622 tamen
348 1558 388 1622 ad
410 1579 462 1621 me
485 1579 523 1620 ex
542 1555 715 1620 Formiano
739 1557 878 1641 scripsit,
901 1578 981 1640 quas
999 1556 1139 1641 litteras,
1164 1579 1265 1624 cuna

217 1646 384 1710 ebalineo
407 1645 558 1730 exissem,
585 1645 691 1728 accepi
697 1696 706 1729 ,
733 1666 802 1708 sese
825 1645 863 1708 de
886 1644 1102 1709 attributione
1127 1646 1227 1709 omnia

217 1756 343 1798 summa
364 1734 487 1797 fecisse.
518 1731 704 1796 Vettienum
729 1736 857 1796 accusat
880 1729 1031 1818 (tricatur
1055 1733 1180 1797 scilicet
1197 1737 1226 1795 ut

216 1819 417 1908 monetalis),
447 1821 503 1884 sed
526 1821 573 1884 ait
594 1825 702 1884 totum
724 1821 892 1905 negotium
916 1818 1059 1884 Sestium
1083 1825 1226 1885 nostrum

217 1910 410 1993 suscepisse,
446 1909 606 1991 optimum
643 1908 770 1992 quidem
802 1909 895 1973 illum
926 1909 1031 1972 virum
1063 1911 1225 1992 nostrique
1265 1934 1266 1964 1

216 1998 480 2062 amantissimum.
531 1995 656 2072 Quaero
687 2000 808 2081 autem,
841 1996 919 2080 quid
946 1995 1079 2060 tandem
1107 1996 1251 2062 Sestiusa

215 2086 249 2148 in
280 2085 340 2150 hac
372 2107 407 2149 re
437 2086 540 2149 facere
567 2085 687 2169 possit,
719 2085 807 2168 quod
836 2106 904 2148 non
935 2085 1041 2168 quiris
1073 2089 1224 2150 nostrum.

216 2171 291 2259 Sed,
319 2175 347 2238 si
370 2173 449 2256 quid
471 2176 598 2256 praeter
621 2194 711 2255 spem
734 2173 811 2257 erit,
838 2173 945 2256 facies,
972 2176 1010 2236 ut
1034 2173 1150 2258 sciam3
1182 2174 1225 2237 sin

215 2266 274 2347 est,
296 2266 333 2325 ut
357 2260 507 2346 arbitror,
528 2261 695 2344 negotium
713 2260 884 2344 perditum,
902 2260 1022 2324 scribes
1041 2264 1163 2345 tamen,
1180 2283 1225 2324 ne

180 2354 364 2503 squellbba
379 2369 432 2499 liic
461 2349 715 2519 ‹opiliblddrbdiriiiv
745 2434 839 2521 (quid
866 2436 951 2500 enim
978 2434 1105 2522 aliudt)
1134 2441 1167 2500 ct
1193 2438 1251 2500 ets

214 2523 290 2609 περὶ
309 2533 370 2588 τοῦ
388 2527 596 2607 καθήκοντος
614 2524 784 2608 magnifice
804 2524 999 2607 explicamus
1014 2534 1226 2608 apoepovor'r

214 2633 338 2695 perque
361 2608 521 2696 Ciceroni3
554 2633 618 2695 qua
645 2611 684 2674 de
711 2633 746 2675 re
774 2612 859 2676 enim
886 2612 997 2695 potius
1025 2617 1120 2695 pater
1143 2611 1225 2676 filio?

214 2699 337 2762 Deinde
360 2699 430 2764 alia.
476 2699 560 2774 Quid
584 2700 733 2783 quaeris?
766 2699 907 2764 exstabit
930 2721 1027 2782 opera
1049 2701 1226 2786 peregrina·

213 2788 313 2851 tionis
331 2787 436 2852 huius.
474 2785 654 2852 Varronem
672 2787 768 2852 hodie
788 2792 844 2852 aut
863 2809 932 2852 cras
950 2791 1126 2852 venturum
1143 2792 1225 2872 puta-

217 2875 308 2959 bant,
344 2895 403 2959 ego
437 2880 544 2940 autem
575 2877 611 2939 in
641 2874 876 2959 Pompeianum
907 2875 1137 2962 properabam,
1167 2896 1251 2940 nono

214 2985 278 3046 quo
308 2963 463 3027 hocloco
488 2963 660 3047 quicquam
682 2963 865 3049 pulchrius,
893 2965 948 3028 sed
971 2964 1224 3046 interpellatores

213 3051 280 3115 illio
302 3051 410 3115 minus
432 3050 570 3115 molesti.
608 3050 670 3115 Sed
688 3051 861 3136 perscribe,
884 3074 1013 3137 quaeso,
1036 3073 1120 3136 quae
1139 3073 1225 3118 causa

214 3140 257 3203 sit
280 3138 414 3221 Myrtilo
446 3137 578 3224 (poenas
608 3139 736 3223 quidem
768 3139 863 3203 illum
886 3140 1076 3224 pependisse
1099 3137 1225 3224 audiri),

120 3283 124 3290 .
214 3231 246 3291 et
270 3228 391 3291 satisne
414 3230 533 3312 pateat,
554 3227 638 3290 unde
662 3231 840 3309 corruptus.

179 3331 194 3377 τ
280 3315 369 3378 Haec
391 3336 464 3378 cum
487 3314 668 3399 scriberem,
688 3319 817 3379 tantum
836 3315 922 3398 quod
941 3315 1175 3380 existimabam
1191 3312 1251 3378 ads

213 3404 246 3464 te
280 3403 458 3466 orationem
481 3423 550 3465 esse
572 3403 738 3484 perlatam.
782 3402 860 3487 Hui,
884 3426 982 3487 quarn
1005 3403 1123 3488 timeo,
1154 3401 1223 3486 quid

214 3489 392 3555 existimes!
422 3489 497 3554 Etsi
520 3490 597 3572 quid
620 3489 750 3554 adme?
782 3511 864 3573 quae
882 3513 949 3554 non
970 3491 1014 3554 sit
1031 3492 1120 3555 foras
1139 3489 1224 3574 prod·
