2578 3886
271 150 531 206 EPISTULARUM
549 152 599 205 AD
618 151 782 207 ATTICUM
800 153 840 207 IX
860 159 972 207 ro-rss.
1059 152 1125 216 289

106 293 263 377 ‘Meone',
290 293 437 380 inquam,
464 295 669 360 ‘arbitratui'
707 295 772 360 ‘An
799 294 886 380 tibi',
909 296 1025 380 inquit,
1053 294 1124 379 ‘ego

105 381 361 464 praescribaml'
398 381 488 468 ‘Sic'‚
511 384 659 468 inquam,
682 384 797 468 ‘agam
820 385 946 448 senatui
969 405 1034 447 non
1057 383 1126 466 pla-

107 491 180 534 cere
203 470 238 533 in
256 469 429 554 Hispanias
453 471 494 534 iri
516 493 576 535 nec
599 473 756 536 exercitus
780 472 814 534 in
833 470 1000 536 Graeciam
1023 475 1126 534 trans·

107 558 249 642 portari,
284 559 476 644 multaque',
512 561 659 644 inquam,
695 560 744 623 ‘de
782 558 892 624 Gnaeo
929 558 1123 644 deplorabo!

76 645 194 712 sTum
221 645 288 711 ille:
325 646 409 732 ‘Ego
439 669 515 712 vero
543 648 607 712 ista
637 647 700 712 dici
722 648 819 712 nolo?
866 647 928 712 ‘Ita
949 647 1126 732 putabam',

108 734 259 818 inquam,
291 735 360 798 ‘sed
387 756 446 819 ego
475 758 512 800 eo
535 736 612 800 nolo
636 737 758 819 adesse,
787 736 873 820 quod
896 740 953 800 aut
976 735 1022 800 sic
1044 733 1126 800 mihi

109 822 280 886 dicendum
308 827 358 887 eet
385 824 567 910 multaque,
595 845 677 907 quae
698 824 789 888 nullo
814 824 910 888 modo
933 845 1062 908 possem
1085 822 1126 888 si·

108 911 189 994 lere,
221 910 249 973 si
277 910 432 995 adessem,
465 915 521 975 1111
550 933 617 976 non
639 912 850 976 veniendum'
897 911 1030 977 Summa
1053 911 1126 996 fuit,

109 1001 148 1062 ut
175 998 231 1062 ille
260 999 352 1082 quasi
381 999 504 1063 exitum
528 1021 698 1085 quaerens,
725 1005 763 1064 ut
787 1000 1004 1065 deliberarem.
1050 998 1126 1064 Non

61 1115 92 1154 10
109 1086 173 1150 fuit
202 1086 392 1172 negandum.
438 1087 490 1152 Ita
518 1087 732 1152 discessimus.
780 1088 883 1153 Credo
911 1089 1013 1174 igitur
1040 1087 1127 1152 hunc

108 1196 160 1238 me
191 1195 259 1238 non
289 1197 404 1240 amare.
450 1174 496 1240 At
527 1196 587 1260 ego
619 1199 671 1240 me
699 1177 817 1261 amavi,
843 1177 937 1261 quod
957 1176 1038 1240 mihi
1061 1176 1126 1240 iam
1153 1181 1159 1192 '

108 1261 234 1346 pridem
257 1284 319 1326 usu
341 1285 407 1327 non
430 1264 526 1328 venit.

177 1349 328 1435 Reliqua,
361 1373 380 1415 o
408 1351 453 1416 di!
490 1351 545 1435 qui
573 1352 760 1436 comitatus,
790 1374 885 1437 quae,
913 1355 950 1415 ut
978 1356 1015 1416 tu
1043 1351 1161 1416 solesr

108 1437 223 1523 dicere,
246 1438 374 1503 νέκυιαέ
402 1441 438 1503 in
461 1462 525 1524 qua
548 1444 617 1504 erat
639 1441 727 1522 ἥρως
751 1438 850 1504 Celer.
888 1437 915 1503 Ο
939 1462 1007 1504 rem
1025 1440 1127 1524 perdi·

62 1529 191 1594 15111111
229 1548 248 1590 ο
280 1528 390 1610 copias
423 1528 618 1611 desperatas!
660 1527 756 1613 Quid,
789 1528 874 1612 quod
908 1525 999 1591 Servi
1030 1527 1127 1611 filius,

110 1614 198 1698 quod
228 1614 329 1678 Titini
357 1616 393 1678 in
419 1617 461 1679 iis
488 1616 601 1680 castris
629 1616 775 1701 fuerunt,
807 1615 925 1699 quibus
953 1614 1126 1698 Pompeius

109 1703 408 1768 circumsederetur!
441 1702 683 1788 Sexlegion013
712 1703 851 1768 multum
875 1703 999 1788 vigilat,
1023 1702 1126 1766 audet.

109 1790 247 1855 Nullum
270 1791 363 1855 video
386 1792 484 1855 finem
507 1792 592 1856 mali.
638 1790 734 1856 Nunc
757 1795 842 1855 certe
865 1791 1041 1875 promenda
1064 1791 1127 1854 tibi

110 1882 187 1942 sunt
210 1879 352 1943 consilia.
399 1878 471 1943 Hoc
494 1880 600 1944 fueret
623 1883 808 1944 extremum.

63 1996 94 2036 ao
177 1965 240 2030 Illa
262 1971 371 2032 temen
394 1967 566 2043 κατακλεὶς
589 1968 678 2031 illius
698 1972 746 2032 est
766 1968 887 2052 odiosa,
911 1989 1008 2051 quam
1026 1985 1127 2050 paene
1146 1981 1162 2028 3

108 2055 272 2141 praeterii,
300 2056 328 2119 si
352 2056 415 2119 sibi
438 2056 581 2120 consiliis
603 2057 726 2120 nostris
749 2056 799 2119 uti
821 2077 888 2120 non
910 2055 1030 2140 liceret,
1053 2075 1127 2118 usu·
1216 2125 1218 2134 ,

107 2165 197 2225 rum,
226 2164 364 2226 quorum
388 2148 513 2230 posset,
543 2144 583 2209 ad
607 2145 779 2228 omniaque
802 2166 870 2208 esse
894 2144 1127 2208 descensurum.

109 2230 246 2295 ‘Vidisti
263 2231 365 2314 igitur
383 2233 498 2318 virum,
512 2236 549 2295 ut
569 2233 765 2314 scripseras?
788 2232 1010 2317 ingemuisti?
1025 2229 1127 2296 Certe.

109 2317 209 2382 ‘Cedo
240 2320 384 2403 reliqua?
431 2319 536 2395 Quid?
573 2318 736 2384 Continuo
759 2321 828 2404 ipse
851 2320 886 2384 in
908 2319 987 2384 Pedi
1009 2319 1129 2384 Norba·

63 2433 95 2475 25
108 2426 200 2491 num,
223 2428 283 2492 ego
307 2406 476 2492 Arpinum.
522 2406 601 2472 Inde
625 2412 774 2492 exspecto
799 2408 946 2492 equidem
970 2413 1129 2490 λαλαγεῦ-

109 2511 176 2560 σαν
193 2495 284 2558 illam
302 2500 400 2561 tuam.
439 2496 500 2560 ‘Tu
518 2495 651 2580 malim,
670 2497 807 2581 inquies,
832 2498 952 2560 ‘actum
970 2517 1011 2560 ne
1030 2497 1129 2580 agas?

109 2583 224 2647 Etiam
246 2583 340 2648 illum
358 2585 476 2669 ipsum,
499 2606 595 2668 quem
620 2585 794 2670 sequimur,
816 2585 920 2648 multa
938 2584 1128 2648 fefellerunt.

180 2668 244 2735 Sed
276 2693 335 2756 ego
367 2677 441 2736 tuas
472 2672 599 2736 litteras
633 2677 791 2755 exspecto.
842 2671 935 2737 Nihil
967 2665 1017 2736 est
1045 2673 1166 2737 enims

110 2759 178 2823 iam
207 2763 245 2823 ut
275 2764 369 2824 antea
393 2759 593 2847 ‘Videamus
622 2761 684 2824 hoo
712 2783 867 2844 quorsum
890 2759 1025 2824 evadat?
1067 2759 1131 2824 Ex-

65 2874 98 2915 eo
112 2851 253 2911 tremum
276 2848 340 2912 fuit
359 2849 397 2912 de
415 2870 589 2936 congressu
607 2853 734 2932 nostr03
759 2871 823 2932 quo
843 2849 972 2933 quidem
990 2869 1057 2912 non
1076 2849 1131 2913 du-

111 2935 184 3000 bito
217 2935 296 3019 quin
328 2936 429 3006 istum
458 2937 652 3001 offenderim.
703 2936 754 3001 Eo
782 2939 941 3002 maturius
972 2936 1131 3020 agendum

113 3027 170 3088 est.
215 3022 344 3089 Amabo
372 3029 419 3110 te,
447 3025 619 3108 epistulam
647 3029 679 3088 et
707 3029 895 3110 πολιτικήνῐ
932 3023 1034 3089 Valde
1057 3029 1131 3090 tuas

111 3111 239 3176 litteras
262 3133 348 3177 nunc
370 3117 528 3196 exspecto.

169 3573 215 3617 011.
226 3577 290 3625 epist.
301 3578 331 3618 11.
