2578 3886
126 139 193 202 284
452 139 489 194 Μ.
505 140 613 194 TULLI
632 139 824 195 CICERONIS

596 369 683 436 XIV.

277 492 334 548 Sor.
350 494 382 548 tn
401 491 553 560 Formiano
577 491 658 546 VIH
672 490 708 546 K.
724 491 794 561 Apr.
810 510 835 547 a.
852 495 908 548 705
928 495 997 561 (49).

449 613 578 669 crosso
598 597 730 668 arnico
751 614 826 670 sm.

93 739 107 788 1
194 723 354 788 Miseram.
375 723 415 787 ad
442 726 475 786 te
502 739 580 786 vnn
601 720 641 786 K.
661 723 842 806 exemplum
872 723 1031 807 epistulae
1054 724 1151 788 Balbi
1232 727 1235 731 ’

128 812 168 876 ad
212 834 264 876 me
296 816 328 876 et
356 808 503 875 Caesaris
535 810 576 874 ad
608 833 690 876 eum.
741 811 824 876 Ecce
857 811 919 875 tibi
943 811 1067 877 'eodem
1099 812 1152 876 die
1180 837 1196 879 s

128 897 239 984 Capua
270 900 397 964 litteras
430 898 539 982 accepi
570 898 610 962 ab
643 897 679 974 (A
706 897 806 962 Pedio
841 897 1011 964 Caesarem
1044 900 1084 964 ad
1118 922 1153 964 se
1286 921 1287 985 ι

126 989 230 1072 pridie
253 986 330 1051 Idus
351 986 487 1051 Martias
510 987 638 1051 misisse
661 986 724 1051 hoc
747 988 910 1070 exemplo:

196 1075 415 1159 ‘Pompeius
443 1096 481 1139 se
510 1075 650 1159 oppido
679 1079 792 1139 tenet.
838 1075 918 1141 Nos
946 1075 1151 1159 adportas

129 1168 258 1228 castra
293 1162 485 1227 habemus.
539 1161 729 1227 Conamur
770 1185 865 1247 opus
901 1185 1080 1248 magnum
1113 1168 1152 1228 et

128 1252 336 1316 multorum
370 1251 515 1315 dierum
548 1255 708 1336 propter
741 1251 991 1317 altitudinem
1022 1253 1151 1316 maris.
1167 1280 1200 1320 ro

129 1337 200 1403 Sed
236 1343 362 1405 tamen
397 1340 502 1404 nihil
540 1344 610 1426 est,
647 1339 747 1422 quod
783 1340 915 1422 potius
952 1340 1150 1405 faciamus.

127 1427 184 1492 Ab
222 1431 387 1512 utroque
423 1433 560 1512 portus
592 1449 710 1492 cornu
741 1427 861 1492 moles
893 1428 1071 1512 iacimus,
1107 1433 1151 1492 ut

129 1520 194 1580 aut
216 1516 329 1581 illum
358 1538 468 1600 quam
495 1517 662 1599 primum
689 1516 871 1601 traicere,
905 1517 1006 1600 quod
1032 1516 1151 1581 habet

128 1602 314 1669 Brundisi
343 1605 558 1688 copiarum,
587 1624 770 1688 cogamus
798 1608 863 1668 aut
887 1605 995 1668 exitu
1017 1605 1150 1689 prohi-

127 1693 307 1758 beamus!
1167 1718 1198 1761 rs
1288 1770 1289 1775 η

92 1799 107 1847 2
195 1780 262 1846 Ubi
295 1785 344 1846 est
376 1781 433 1846 illa
460 1803 536 1866 pax,
570 1781 608 1844 de
639 1803 703 1864 qua
729 1778 853 1844 Balbus
881 1781 1055 1864 scripserat
1085 1784 1151 1844 tor-

128 1870 219 1953 queri
247 1871 303 1934 se‘?
339 1871 467 1953 Ecquid
495 1869 654 1952 acerbius,
685 1868 799 1952 ecquid
822 1869 1004 1932 crudelius?
1039 1868 1151 1952 Atque

128 1980 202 2022 eum
229 1957 320 2041 loqui
344 1959 476 2042 quidam
500 1958 705 2032 accrevisse
728 1956 881 2020 narrabat
904 1954 961 2020 Cn
981 1955 1151 2042 Carbonis,

127 2046 170 2110 M.
196 2045 293 2110 Bruti
325 2068 359 2110 se
391 2067 511 2130 poenas
543 2045 692 2129 persequi
721 2044 929 2127 omniumque
958 2066 1083 2130 eorum,
1116 2045 1152 2109 in

128 2155 210 2217 quos
235 2133 326 2200 Sulla
353 2134 490 2198 crudelis
513 2133 575 2197 hoc
599 2133 686 2197 socio
710 2132 840 2216 fuisset,
868 2129 951 2196 nihil
975 2096 1151 2198 Curioirem
1165 2161 1199 2201 so

128 2243 162 2285 se
185 2222 264 2286 duce
287 2223 399 2305 facere,
424 2222 510 2306 quod
531 2242 599 2284 non
620 2221 674 2284 hic
698 2218 789 2285 Sulla
812 2181 891 2285 dirce
909 2221 1051 2285 fecisset·
1024 2220 1151 2306 t;†ad

128 2310 348 2395 ambitionem,
378 2310 497 2394 quibus
520 2309 627 2373 exsilii
649 2330 753 2392 poena
776 2309 997 2392 superioribus
1020 2271 1151 2394 ligibus

126 2420 193 2462 non
224 2399 353 2482 fuisset,
386 2398 426 2462 ab
459 2398 517 2461 illo
548 2397 672 2480 patriae
694 2397 877 2480 proditores
902 2397 940 2460 de
964 2397 1078 2462 exsilio
1102 2419 1151 2460 re·

128 2487 241 2551 ductos
265 2508 348 2570 esse3
380 2486 472 2569 queri
495 2486 533 2549 de
556 2485 678 2549 Milone
701 2507 757 2568 per
781 2485 847 2549 vim
871 2486 1020 2570 expuls03
1050 2485 1150 2549 nemi-

126 2596 200 2638 nem
222 2579 332 2638 tamen
351 2595 384 2637 se
402 2574 609 2658 violaturum,
630 2573 695 2638 nisi
714 2573 771 2656 qui
790 2595 879 2637 arma
898 2577 1018 2638 contra.
1060 2573 1151 2638 Haec
1165 2600 1193 2642 as

126 2661 266 2726 Baebius
291 2662 422 2744 quidam
445 2685 463 2726 a
487 2660 627 2726 Curione
646 2659 750 2725 1111d.
769 2663 942 2745 profectus,
965 2661 1064 2726 homo
1082 2683 1151 2726 non

126 2750 247 2833 inferre,
281 2749 337 2813 sed
364 2749 420 2833 qui
447 2750 530 2813 nulli
556 2771 624 2813 non
653 2750 746 2814 dicat.
792 2749 891 2813 Plane
915 2749 1038 2834 nescio,
1071 2750 1151 2834 quid

127 2857 228 2921 agam.
269 2835 357 2901 Illim
381 2838 529 2921 equidem
554 2836 699 2901 Gnaeum
722 2837 904 2921 profectum
927 2841 1017 2920 puo
1057 2837 1151 2914 Quic-

127 2925 291 3008 quid,
228 2929 277 2988 est
263 2925 419 2989 tbiduo
443 2927 587 2991 sciemus.
634 2925 665 2989 A
687 2929 720 2989 te
743 2925 890 2989 nihilne
913 2924 981 2990 Ant
967 2930 1055 2990 teros
1079 2927 1150 3009 qui-

125 3013 198 3076 dem
215 3012 255 3076 lit
241 3016 413 3097 tterarum3
436 3035 494 3077 nec
512 3013 638 3078 mirum.
676 3011 759 3088 Quid
779 3013 864 3077 enim
883 3017 942 3096 est,
966 3013 1054 3097 quod
1073 3014 1150 3078 scri·
1165 3041 1192 3083 eo

124 3101 260 3165 bamus?
297 3101 408 3187 Bgot
410 3123 503 3166 amen
524 3102 650 3166 nullum
673 3102 758 3165 diem
781 3101 1014 3185 praetermitto

91 3207 106 3254 3
194 3187 322 3272 Scripta
350 3190 432 3274 epist
419 3190 488 3254 tula
515 3189 643 3254 litterae
672 3189 755 3253 mihi
778 3193 854 3254 ante
876 3189 982 3253 lucem
1005 3212 1024 3253 a
1046 3187 1151 3275 Lepta

127 3276 235 3361 Capua
266 3278 371 3342 reddit
358 3282 409 3342 tae
444 3282 520 3342 sunt
549 3276 630 3342 Idib.
656 3276 752 3341 Mart.
778 3276 970 3361 Pompeium
998 3300 1018 3342 a
1046 3276 1150 3342 Brun-

125 3366 207 3430 disio
236 3367 471 3450 conscendisse,
500 3370 534 3430 at
558 3363 728 3430 Caesarem
759 3388 785 3430 a.
806 3366 834 3429 d.
854 3383 904 3429 v11
926 3364 999 3432 Kal.
1019 3366 1149 3450 Apriles

126 3451 254 3538 Capuae
277 3455 355 3519 fore.
1165 3481 1191 3522 ιιι
