2560 3880
319 195 495 252 EPISTULA
512 194 562 249 AD
582 193 823 250 OCTAVIANUM
842 196 919 246 2-7.
1054 190 1120 254 563

118 363 214 426 quam
238 328 390 425 sperares,
413 337 529 404 detulit
552 338 705 403 senatus?
741 336 838 402 Dedit
860 336 970 418 fasces,
993 337 1029 398 ut
1048 355 1120 398 oum

118 429 309 494 auctoritate
332 429 528 492 defensorem
550 426 693 509 haberet,
715 447 780 490 non
803 429 840 488 ut
863 424 997 507 imperio
1016 443 1050 486 se
1068 422 1120 485 ad-

116 539 245 583 versum
267 521 418 601 armaret3
441 515 613 600 appellavit
631 515 855 598 imperatorem
872 511 1016 576 hostium
1034 531 1120 574 exer-

118 606 186 670 citu
208 605 301 690 pulso
324 605 469 669 tribuens
491 603 655 688 honorem,
676 622 742 666 non
763 605 801 665 ut
824 621 882 665 sua
900 599 992 664 caede
1010 619 1119 662 caesus

90 722 103 762 5
118 693 173 758 ille
191 693 317 777 fugiens
335 692 492 757 exercitus
512 696 545 755 te
562 691 741 755 nominaret
758 690 996 773 imperatorem,
1017 686 1120 751 decre·
1177 756 1180 761 ,

118 783 166 846 vit
189 781 224 846 in
245 782 316 846 foro
340 783 488 862 statuam,
509 779 616 843 locum
638 779 672 842 in
694 782 817 863 senatu,
839 798 999 840 summum
1021 773 1120 852 hono-

119 891 187 933 rem
209 873 283 938 aute
305 873 438 952 tempus.
476 866 512 932 si
534 866 611 950 quid
634 866 720 930 aliud
737 869 796 951 cst,
818 864 904 948 quod
922 864 990 940 dari
1007 863 1120 948 possit,
1138 877 1155 925 5

119 957 220 1021 addet,
256 955 340 1032 Quid
362 955 449 1020 aliud
471 960 520 1019 est
542 955 654 1040 maius,
676 953 762 1037 quod
783 953 863 1016 velis
887 951 1032 1016 sumere?
1064 948 1121 1014 Sin

120 1049 230 1110 autem
267 1066 362 1128 supra
398 1047 551 1128 aetatem,
588 1065 684 1126 supra
715 1040 989 1125 consuetudinem,
1025 1060 1122 1122 supra

77 1161 106 1201 ro
119 1134 218 1198 ctiam
239 1132 469 1196 mortalitatem
491 1135 582 1194 tuam
603 1131 665 1194 tibi
688 1132 763 1194 sunt
786 1129 894 1193 omnia
911 1128 1043 1209 tributa,
1065 1148 1122 1190 cur

120 1225 177 1284 aut
203 1224 240 1286 ut
267 1221 428 1305 ingratum
456 1218 626 1284 crudeliter
653 1222 709 1282 aut
731 1222 768 1281 ut
790 1217 1008 1281 immemorem
1030 1215 1121 1279 bene-

119 1309 185 1372 ficii
209 1309 259 1373 tui
277 1308 427 1373 scelerate
444 1307 678 1371 circumscribis
697 1305 864 1370 senatum?
896 1303 966 1380 Quo
984 1309 1016 1368 te
1034 1302 1121 1367 misi-

45 1415 47 1420 ’
119 1396 215 1461 mus?
252 1397 409 1480 aquibus
430 1395 621 1460 reverteris?
661 1393 782 1460 Contra
805 1415 885 1478 quos
909 1391 1121 1457 armavimus?

121 1485 237 1568 quibus
261 1507 349 1549 arma
371 1484 493 1569 cogitas
516 1483 653 1548 inferre?
684 1482 715 1546 A
733 1482 850 1565 quibus
873 1481 1046 1545 exercitum
1069 1479 1122 1543 ab·

78 1600 106 1641 15
120 1573 230 1636 ducis?
263 1595 343 1656 quos
367 1572 514 1636 adversus
537 1572 634 1636 aciem
657 1571 778 1635 struis?
814 1568 879 1634 Cur
901 1569 1005 1634 hostis
1027 1568 1122 1633 relin-

121 1661 244 1746 quitur,
275 1661 353 1726 civis
384 1659 487 1724 hostis
518 1660 589 1724 loco
615 1659 758 1742 petitur?
794 1656 860 1724 Our
885 1662 990 1722 castra
1016 1655 1121 1721 medio

120 1750 235 1813 itinera
269 1749 397 1834 longius
433 1749 472 1813 ab
504 1747 756 1812 adversariorum
788 1746 901 1810 castris
924 1749 957 1810 et
988 1745 1120 1829 propius

120 1837 233 1900 urbem
259 1837 449 1902 mouentur?
486 1835 513 1900 0
541 1857 592 1899 me
616 1857 790 1918 numquam
813 1834 989 1917 sapientem
1012 1837 1044 1898 et
1067 1831 1156 1897 ali-o

122 1925 247 2008 quando
265 1924 308 2009 id,
327 1924 413 2008 quod
430 1945 496 1988 non
514 1945 610 2010 eram,
622 1923 742 1987 frustra
760 1922 989 1988 existimatum!
1018 1920 1121 1997 Quan-

79 2041 107 2080 ao
121 2017 192 2077 tum
222 2016 268 2098 tc,
299 2013 418 2097 popule
449 2011 606 2095 Romane,
636 2011 676 2075 da
706 2033 757 2075 me
789 2010 903 2085 fefellit
935 2009 1056 2093 opinio!
1093 2008 1120 2073 0

122 2122 225 2163 meam
247 2100 465 2165 calamitosam
488 2121 524 2164 ac
546 2099 750 2183 praecipitem
774 2100 981 2163 senectuteml
1014 2119 1032 2162 o
1055 2102 1122 2161 tur·

122 2208 196 2271 pem
223 2192 332 2251 exacta
358 2189 558 2271 dementique
586 2190 690 2252 aetate
718 2187 878 2252 canitiem!
914 2186 987 2271 Ego
1013 2190 1121 2268 patras

122 2274 319 2357 conscriptos
347 2275 386 2338 ad
411 2276 616 2358 parricidium
637 2275 761 2359 induxi,
790 2296 849 2360 ego
871 2295 940 2338 rem
962 2274 1123 2358 publicam

122 2361 236 2446 fefelli,
265 2383 325 2446 ego
353 2363 459 2445 ipsum
486 2368 630 2428 senatum
659 2364 722 2428 sibi
743 2385 856 2428 manus
879 2363 1001 2427 adferre
1024 2363 1123 2447 coegi,

81 2477 109 2518 aa
124 2471 197 2515 oum
223 2453 256 2513 te
278 2447 450 2514 Iunonium
477 2473 612 2534 puerum
634 2456 666 2516 et
687 2453 801 2516 matris
823 2454 897 2514 tuae
919 2455 1047 2534 partum
1070 2473 1122 2515 au-

123 2561 213 2603 reum
244 2558 312 2602 csse
336 2538 409 2602 dixi.
454 2536 500 2602 At
522 2543 554 2602 te
576 2541 643 2603 fata
665 2540 787 2623 patriae
808 2538 957 2603 Paridem
978 2539 1123 2603 futurum

122 2627 356 2712 praedicebant,
369 2626 424 2710 qui
438 2630 579 2691 vastares
597 2627 709 2691 urbem
721 2628 875 2710 incendio,
888 2625 1014 2691 Italiam
1027 2627 1123 2712 bello,

124 2716 179 2798 qui
207 2719 311 2780 castra
337 2715 372 2778 in
399 2714 527 2797 templis
551 2714 683 2779 deorum
705 2715 949 2801 immortalium,
978 2719 1123 2780 senatum

123 2803 158 2866 in
179 2803 292 2868 castris
313 2802 483 2867 habiturus
502 2823 595 2868 esses.
636 2802 663 2867 0
681 2805 831 2868 miseram
849 2807 881 2867 ct
898 2804 933 2867 in
949 2803 1039 2868 brevi
1056 2808 1124 2866 tam
1142 2817 1157 2864 τ

81 2917 110 2957 so
124 2890 257 2955 celerem
283 2895 316 2955 et
342 2894 410 2956 tam
435 2891 557 2956 variam
583 2891 630 2954 rei
656 2892 802 2974 publicae
828 2893 1122 2956 commutationem!

124 2977 275 3053 Quisnam
302 2980 361 3043 tali
384 2981 510 3044 futurus
533 2979 661 3063 ingenio
685 2982 747 3061 cst,
774 2980 830 3062 qui
851 2981 955 3064 possit
977 2978 1055 3042 haec
1077 2979 1123 3042 ita

123 3066 273 3131 mandare
299 3067 432 3153 litteris,
459 3072 496 3130 ut
523 3067 620 3152 facta,
647 3089 712 3132 non
739 3068 813 3132 ficta
839 3068 1007 3133 uideantur
1030 3067 1123 3130 esse?

124 3154 196 3237 quis
226 3155 287 3219 erit
313 3159 404 3220 tanta
430 3155 529 3220 animi
555 3155 722 3242 facilitate,
754 3156 823 3240 qui,
853 3177 933 3239 quae
959 3154 1123 3219 verissime

124 3243 277 3307 memoria
299 3248 476 3328 propagata
497 3244 627 3329 fuerint,
648 3265 714 3309 non
731 3243 857 3308 fabulae
876 3242 992 3306 similia
1011 3241 1054 3306 sit
1072 3265 1123 3307 ex-

82 3355 109 3397 as
124 3331 348 3395 istimaturus?
370 3330 487 3417 Cogita
505 3331 589 3396 enim
599 3332 776 3397 Antonium
795 3331 922 3395 hostem
939 3329 1122 3416 iudicatum,

124 3419 164 3483 ab
191 3440 229 3484 co
256 3419 498 3484 circumsessum
520 3421 682 3486 consulam
704 3419 905 3504 designatum
928 3418 1123 3502 eundemque

123 3507 171 3570 rei
193 3507 338 3591 publicae
360 3513 532 3596 parentem,
553 3514 586 3574 te
609 3509 787 3592 profectum
811 3505 849 3570 ad
868 3507 1029 3571 consulem
1046 3508 1122 3572 libe

913 3609 965 3664 36·
