2586 3886
243 154 504 212 EPISTULARUM
521 156 571 210 AD
590 155 755 212 ATTIOUM
773 157 799 212 V
819 163 861 228 lo,
883 165 925 213 11.
1028 159 1092 223 139

555 387 610 454 XL

256 506 314 562 Sor.
328 507 446 562 Attenia
459 525 504 578 pr.
519 509 595 564 Non.
613 509 707 579 Quint.
722 528 748 565 a.
764 512 819 566 703
839 513 908 579 (51).

395 629 524 686 CICERO
543 631 676 687 ATTICO
697 632 773 688 SAL.

131 740 220 826 Hui,
248 741 389 806 totiesne
411 763 464 806 me
486 741 613 806 litteras
637 742 762 807 dedisse
785 741 933 826 Romam,
956 763 1030 807 cum
1052 741 1127 807 adl

42 834 94 894 ste
119 830 234 895 nullas
253 830 386 894 darom?
417 827 464 894 At
482 852 559 895 vero
578 830 715 915 posthac
733 831 856 895 frustra
874 830 984 915 potius
1007 831 1091 894 dabo

65 918 1092 1092 113111111131111111111

19 1125 20 1176 1
67 1095 159 1180 ades,
195 1095 350 1180 quicquid
383 1095 546 1179 provideri
572 1057 701 1178 poterii,
732 1096 873 1179 provide.
920 1095 997 1161 Non
1028 1096 1092 1160 dici

67 1187 190 1268 potest,
215 1205 313 1267 quam
333 1183 468 1268 flagrem
486 1183 643 1249 desiderio
663 1183 763 1269 urbis,
788 1206 885 1268 quam
903 1185 958 1249 vix
975 1184 1092 1249 harum

18 1295 56 1358 ¹ro
68 1294 181 1336 rerum
203 1271 422 1336 insulsitatem
444 1273 554 1337 feram.

135 1359 312 1424 Marcellus
336 1361 429 1425 foede
447 1361 481 1425 in
496 1358 655 1426 Comensi
692 1360 768 1426 Etsi
786 1359 843 1424 ille
860 1362 1090 1446 magistratum
1110 1379 1127 1426 1

68 1471 136 1512 non
161 1454 315 1534 gesserat,
338 1452 407 1512 erat
429 1453 538 1513 tamen
561 1449 820 1532 Transpadanus.
866 1447 918 1512 Ita
940 1449 1022 1513 mihi
1045 1449 1092 1515 ri·

71 1537 167 1600 detur
194 1558 263 1602 non
294 1537 401 1601 minus
434 1537 592 1603 stomachi
621 1541 736 1602 nostro
765 1557 860 1618 quom
888 1535 1019 1602 Caesari
1046 1538 1091 1602 fe·

71 1626 163 1690 cisse.
209 1623 272 1690 Sed
298 1625 361 1689 hoc
386 1626 456 1709 ipse
483 1626 607 1690 viderit.
652 1624 826 1708 Pompeius
851 1625 933 1689 mihi
962 1643 1127 1709 quoquea

39 1737 59 1775 s
71 1714 253 1799 videbatur,
276 1712 362 1796 quod
386 1714 499 1778 scribis
513 1712 695 1779 Varronem
712 1713 825 1798 dicere,
847 1713 887 1791 in·
896 1713 1091 1796 Hispaniam

72 1806 160 1865 certe
185 1802 303 1866 iturus.
348 1800 387 1866 Id
414 1822 474 1887 ego
497 1802 629 1867 minime
652 1801 847 1886 probabam3
881 1800 1092 1884 quiquidem

73 1889 266 1973 Theophani
285 1889 378 1954 facile
396 1891 542 1973 persuasi
559 1889 644 1955 nihil
662 1912 729 1955 esse
746 1889 863 1954 melius
883 1911 980 1973 quam
997 1889 1092 1953 illum

70 1999 233 2062 nusquam
265 1978 433 2043 discedere.
483 1979 574 2064 Ergo
603 1977 743 2043 Graecus
771 1977 945 2044 incumbet.
994 1976 1092 2043 Valet

73 2071 183 2131 autem
206 2067 383 2132 auctoritas
407 2068 475 2131 eius
499 2067 585 2151 apud
607 2067 700 2131 illum
722 2067 908 2150 plurimum.

40 2179 62 2217 n
138 2154 214 2239 Ego
237 2154 297 2218 has
320 2177 366 2238 pr
389 2155 502 2222 Nonas
525 2155 702 2232 Quinctiles
726 2155 932 2239 proficiscens
951 2152 1128 2221 Athenien¹

74 2243 155 2329 dedi,
178 2265 252 2307 curn
270 2243 318 2307 ibi
336 2243 474 2308 decem
464 2265 554 2327 rpsos
573 2244 708 2310 fuissem
726 2244 801 2308 dies
838 2242 980 2307 Venerat
998 2241 1092 2307 Pom-

74 2333 195 2415 ptinus,
217 2352 283 2394 una
307 2329 362 2397 On
380 2331 551 2416 Volusius3
584 2332 694 2396 aderat
717 2336 831 2416 quaest
833 2353 882 2414 or3
906 2335 983 2395 tuus
1006 2353 1092 2396 unus

75 2419 202 2483 Tullius
226 2419 346 2485 aberat.
324 2382 551 2503 tAphracta⁷
514 2419 772 2485 tRhodiorum
796 2424 829 2484 et
851 2381 975 2485 dicrota
993 2418 1092 2503 Myti-

74 2507 260 2572 lenaeorum
282 2507 499 2574 habebamet
485 2508 644 2592 taliquid
667 2508 851 2574 ἐπικώπων.
887 2507 936 2572 De
958 2506 1037 2574 Part
1038 2507 1092 2572 his

40 2621 64 2661 a
77 2600 145 2661 erat
167 2595 341 2660 silentium.
388 2596 481 2673 Quod
505 2599 659 2680 superest,
684 2596 717 2660 di
739 2597 866 2661 iuvent!

141 2683 211 2749 Nos
236 2684 339 2749 adhuc
361 2685 425 2748 iter
447 2707 505 2768 per
525 2683 691 2749 Graeciam
714 2707 840 2750 summa
863 2707 936 2750 cum
955 2683 1088 2749 admira·
1110 2700 1128 2749 5

77 2773 163 2837 tione
185 2772 330 2858 fecimus,
352 2795 411 2837 neo
427 2772 609 2837 mehercule
627 2772 742 2858 habeo,
766 2773 853 2856 quod
872 2773 976 2836 adhuc
995 2794 1091 2856 quem

78 2881 220 2925 accusem
242 2883 396 2926 meorum.
442 2859 603 2926 Videntur
625 2860 707 2925 mihi
729 2882 826 2925 nosse
847 2865 996 2925 nostram
1019 2882 1093 2925 cau-

79 2971 145 3013 sam
171 2952 204 3013 et
226 2949 446 3014 condicionem
468 2949 678 3032 profectionis
703 2971 795 3034 suae;
826 2949 921 3032 plane
945 2948 1092 3013 serviunt

44 3063 67 3102 a
80 3036 310 3102 existimationi
332 3059 429 3102 meae.
467 3037 560 3114 Quod
584 3040 739 3122 superest,
763 3037 790 3101 si
811 3059 924 3101 verum
942 3034 1023 3100 illud
1042 3040 1092 3102 est

80 3126 203 3211 ‘cinaeo
230 3125 251 3208 ἡ
280 3124 465 3213 δε’σποινα’,
492 3130 577 3190 certe
600 3126 843 3210 permanebunt.
888 3123 983 3189 Nihil
1006 3125 1093 3190 enim

80 3237 98 3278 a
118 3235 167 3277 me
189 3213 260 3278 fieri
281 3214 329 3278 ita
351 3214 520 3298 videbunt,
547 3217 585 3278 ut
609 3215 673 3279 sibi
695 3214 739 3280 sit
762 3213 968 3297 delinquendi
990 3213 1093 3278 locus.

81 3300 136 3366 Sin
156 3301 189 3366 id
211 3324 327 3385 parum
349 3303 524 3386 profuerit,
551 3302 608 3367 fiet
631 3302 755 3387 aliquid
778 3301 915 3367 anobis
940 3302 1092 3365 severius.

79 3388 160 3454 Nam
183 3391 287 3454 adhuc
308 3391 443 3455 lenitate
466 3391 574 3456 dulces
599 3413 711 3456 sumus
735 3394 777 3476 et,
808 3395 845 3455 ut
870 3411 974 3474 spero,
997 3390 1094 3473 profi-

47 3480 176 3544 seimus
209 3479 421 3563 aliquantum.
468 3478 531 3545 Sed
559 3501 619 3565 ego
648 3479 745 3565 hanc,
776 3482 814 3542 ut
843 3476 944 3542 Siculi
972 3477 1095 3563 dicunt,
