2586 3886
258 171 516 226 EPISTULARUM
534 171 584 225 AD
604 171 769 226 ATTICUM
788 171 814 224 V
833 177 875 240 20,
896 177 938 227 21.
1044 173 1109 236 153

16 311 18 378 1
81 315 326 400 εὐημερήματις
348 314 445 379 hodie
463 337 538 380 vero
558 315 703 380 hiemant
721 315 756 378 in
775 312 989 400 Cyrrhestica,
1009 315 1109 378 maxi-

16 389 18 462 1
82 425 244 486 mumque
266 403 389 467 bellum
410 403 581 486 impendet.
627 401 713 467 Nam
736 405 769 468 et
792 401 901 489 Orodi,
924 403 1010 486 regis
1033 402 1109 466 Par

84 491 242 577 thorum,
277 491 365 555 filius
396 491 433 556 in
463 491 629 575 provincia
660 495 772 556 nostra
794 495 858 576 est,
889 513 949 555 nec
980 491 1110 554 dubitat

84 579 284 663 Deiotarus,
315 579 406 644 cuius
433 579 503 643 filio
530 583 625 662 pacta
657 583 707 643 est
733 577 924 643 Artavasdis
956 579 1037 664 filia,
1070 599 1111 642 ex

59 689 156 751 equo
182 667 258 731 sciri
278 670 402 753 potest,
425 667 597 752 quiricum
618 667 768 731 omnibus
792 667 893 750 copiis
913 667 983 752 ipse
1005 667 1111 750 prima

88 759 216 819 aestate
248 754 440 838 Euphraten
475 755 672 819 transiturus
709 756 760 819 sit.
817 754 886 830 Quo
919 759 1028 819 autem
1058 755 1110 818 die

88 841 187 908 Gaesi
210 843 337 906 litterae
360 843 507 907 victrices
534 843 570 907 in
598 846 711 907 senatu
738 843 890 908 recitatae
918 847 1007 927 sunt,
1034 842 1110 927 †id

89 935 143 995 est
171 929 278 995 Nonis
299 930 509 1018 Octobribus,
539 931 652 996 eodem
677 952 767 994 meae
795 932 973 995 tumultum
1003 931 1110 995 nunti-

90 1023 195 1084 antes.
245 1017 349 1082 Axius
381 1023 492 1084 noster
525 1019 571 1082 ait
601 1023 731 1082 nostras
764 1020 967 1084 auctoritatis
998 1019 1110 1103 plenas

51 1135 76 1174 10
90 1107 209 1193 fuisse,
245 1107 312 1171 11111
343 1111 442 1192 negat
474 1107 638 1170 creditum.
691 1107 803 1171 Bibuli
837 1107 983 1172 nondum
1019 1111 1110 1172 erant

91 1196 229 1280 allatae3
252 1216 332 1279 quas
356 1199 443 1260 certo
467 1195 533 1260 seio
556 1194 667 1278 plenas
690 1194 818 1259 timoris
841 1196 918 1260 fore.

161 1283 215 1346 Ex
233 1283 286 1346 his
304 1283 400 1347 rebus
419 1283 481 1347 hoc
494 1304 615 1366 uereor,
632 1305 682 1368 ne,
701 1305 773 1346 curn
786 1282 959 1367 Pompeius
977 1289 1111 1367 propter
1129 1301 1146 1348 3

91 1375 222 1434 metum
243 1393 351 1436 rerum
376 1392 534 1436 novarum
560 1392 722 1454 nusquam
749 1371 948 1458 dimittatur,
980 1370 1111 1437 Caesari

92 1459 206 1523 nullus
230 1459 334 1524 honos
358 1481 377 1522 a
400 1463 514 1523 senatu
536 1459 705 1544 habeatur,
727 1459 804 1522 dum
820 1459 874 1523 hic
891 1459 995 1523 nodus
1019 1482 1111 1543 expe-

55 1574 79 1614 rs
94 1547 215 1630 diatur,
232 1568 300 1610 non
317 1551 410 1632 putet
429 1551 559 1612 senatus
577 1569 648 1633 nos,
667 1551 840 1630 antequam
859 1569 1039 1611 successum
1058 1548 1112 1632 sit,

95 1639 248 1719 oportere
271 1635 418 1699 decedere
439 1656 498 1699 nec
520 1635 665 1698 intanto
684 1639 777 1699 motu
794 1655 903 1698 rerum
920 1635 1021 1698 tantis
1039 1657 1111 1717 pro-

94 1723 212 1787 vinciis
236 1722 382 1807 singulos
405 1724 530 1807 legatos
552 1745 708 1806 praeesse.
754 1721 830 1806 Hic,
856 1744 897 1785 ne
925 1722 1004 1804 quid
1029 1722 1112 1786 mihi

95 1815 302 1896 prorogetur,
320 1811 406 1894 quod
419 1833 460 1875 ne
474 1811 668 1876 intercessor
682 1811 812 1895 quidem
825 1810 983 1874 sustinere
998 1811 1112 1896 possit,

97 1899 216 1963 horreo
241 1904 337 1982 atque
360 1921 398 1964 eo
421 1900 538 1984 magis,
569 1900 655 1983 quod
687 1903 725 1963 tu
757 1899 847 1983 abes,
880 1898 936 1981 qui
965 1898 1112 1980 consilio,

59 2015 84 2054 ao
98 1987 218 2072 gratia,
251 1987 358 2050 studio
391 1988 503 2051 multis
534 1988 632 2051 rebus
661 2008 850 2051 occurreres.
897 1983 987 2070 [Sed]
1015 1985 1112 2050 Dices

98 2075 272 2158 meipsum
285 2075 367 2138 mihi
384 2074 633 2139 sollicitudinem
652 2079 784 2139 struere.
820 2072 936 2158 Cogor,
959 2078 997 2138 ut
1014 2074 1112 2138 velim

98 2163 146 2226 ita
169 2163 227 2246 sit,
251 2163 306 2226 sed
330 2163 437 2227 omnia
458 2167 577 2227 metue.
618 2163 694 2226 Etsi
715 2163 837 2226 bellurn
860 2162 1114 2248 ἀκροτελεύτιον

99 2251 199 2314 habet
212 2251 270 2314 illa
283 2255 341 2314 tua
355 2251 503 2336 epistula,
517 2273 615 2334 quam
633 2251 749 2315 dedisti
762 2272 921 2315 nauseans
934 2250 1111 2316 Buthroto:

101 2339 201 2422 ‘Tibi,
232 2342 271 2402 ut
297 2338 389 2403 video
417 2343 450 2404 et
478 2361 581 2424 spero,
616 2339 706 2402 nulla
735 2339 775 2402 ad
806 2339 1019 2402 decedendum
1051 2339 1113 2403 erit

63 2453 87 2494 11
101 2427 211 2491 mora'
257 2425 389 2491 Mallem
411 2427 460 2492 ‘ut
482 2427 601 2512 video',
628 2426 713 2490 nihil
735 2449 816 2510 opus
839 2427 903 2491 fuit
926 2427 974 2490 ‘ut
997 2427 1114 2510 spero'.

100 2513 295 2598 Acceperam
322 2518 430 2579 autem
457 2516 537 2578 satis
565 2515 710 2579 celeriter
731 2514 822 2578 leoni
843 2537 901 2598 per
928 2515 1150 2598 publicano-4

101 2625 175 2666 rum
205 2602 392 2666 tabellarios
425 2626 444 2666 1
475 2601 606 2667 Lentuli
637 2602 803 2686 triumpho
835 2603 936 2667 datas.
990 2602 1031 2667 In
1061 2603 1114 2668 his

101 2690 330 2774 γλυκύπικρον
347 2691 429 2755 illud
447 2691 625 2777 confirmas,
648 2713 774 2754 moram
791 2691 873 2756 mihi
890 2691 1014 2755 nullam
1032 2692 1115 2778 fore3

103 2778 214 2842 deinde
237 2778 340 2864 addis,
369 2779 397 2842 si
420 2779 498 2862 quid
519 2801 623 2862 secus,
650 2783 683 2842 11
707 2780 820 2843 adme
843 2801 911 2843 esse
936 2782 1115 2844 venturum.

67 2865 237 2951 uhngunt
266 2889 318 2931 me
347 2866 565 2931 dubitationes
594 2870 683 2951 tuae,
714 2867 811 2931 simul
840 2870 873 2931 11
901 2867 1003 2951 vides,
1034 2889 1115 2950 quas

104 2953 278 3038 acceperim
299 2955 435 3020 litteras.
480 2953 580 3040 Nam,
610 2977 690 3038 quas
717 2954 891 3020 Hermonis
919 2955 1115 3019 centurionis

104 3043 229 3106 caculae
251 3042 321 3125 ipse
344 3043 459 3107 scribis
480 3045 513 3106 te
534 3043 667 3127 dedisse,
689 3064 756 3107 non
776 3043 890 3126 accepi.
922 3041 1022 3106 Laeni
1041 3065 1117 3125 pue-

104 3131 204 3194 rista
227 3130 351 3194 dedisse
375 3152 468 3214 saepe
491 3131 604 3195 adme
629 3130 810 3214 scripseras.
851 3129 918 3193 llas
941 3129 1117 3194 Laodiceae

105 3218 253 3302 denique,
283 3239 356 3282 curn
379 3240 415 3283 eo
439 3219 610 3304 venissem,
640 3237 681 3282 111
702 3218 779 3282 Idus
802 3217 954 3282 Februar.
977 3216 1117 3281 Laenius

68 3330 92 3372 11
106 3305 184 3369 mihi
201 3305 339 3369 reddidit
362 3307 454 3370 datas
477 3329 504 3372 a.
523 3307 551 3370 d.
570 3325 595 3371 x
612 3305 684 3371 Kal.
703 3305 867 3371 Octobres.
904 3303 1024 3369 Laenio
1043 3308 1117 3368 tuas

107 3393 395 3459 commendationes
413 3397 447 3457 et
466 3395 578 3458 statim
595 3395 701 3459 verbis
720 3398 753 3459 11
771 3394 895 3477 reliquo
919 3397 1063 3475 tempore
1083 3413 1117 3456 re

107 3482 257 3565 probabo.
302 3481 369 3546 Eae
396 3481 525 3546 litterae
552 3486 656 3547 cetera
680 3485 788 3546 vetera
814 3480 990 3563 habebant,
1017 3494 1154 3544 unums
