2560 3880
116 716 175 798 M.
192 715 365 799 TULLI
385 715 687 800 CICERONIS
705 717 786 800 AD
805 717 863 799 M.
877 715 1119 798 BRUTUM

588 855 646 919 ΕΤ

257 981 314 1063 Μ.
336 979 510 1062 naum
532 981 613 1063 An
641 981 698 1062 M.
721 978 981 1062 rumam
1026 912 1034 950 ⁸

453 1102 786 1187 crenaornru

477 1262 753 1336 EPISTULAE.

428 1433 558 1499 LIBER
583 1432 820 1500 SECUNDUS.

565 1595 671 1604 ——a——

605 1714 630 1778 I.

226 1835 283 1892 Ser.
298 1836 401 1892 Romae
418 1851 458 1891 aa.
473 1852 506 1889 m.
523 1835 610 1890 Mart.
625 1841 675 1890 aut
692 1836 731 1889 ia.
746 1835 814 1904 Apr.
830 1852 855 1889 a.
872 1838 923 1890 711
943 1839 1011 1904 (43).

442 1951 568 2012 CICERO
588 1956 708 2013 BRUTO
728 1957 801 2013 SAL.

80 2092 106 2131 ιο
186 2065 267 2131 Cum
293 2066 370 2131 haec
393 2067 584 2152 scribebam,
610 2089 661 2130 res
689 2066 930 2130 existimabatur
956 2067 992 2130 in
1018 2070 1152 2132 extrer

119 2177 208 2218 mum
227 2155 360 2219 adducta
379 2154 554 2218 discrimen.
588 2153 710 2218 Tristes
729 2154 813 2218 enim
831 2153 868 2217 de
886 2153 987 2218 Bruto
1005 2158 1117 2218 nostro

119 2243 247 2306 litterae
272 2243 441 2325 nuntiique
468 2242 697 2306 adferebantur.
742 2241 795 2304 Me
818 2242 945 2325 quidem
967 2263 1033 2306 non
1054 2265 1118 2306 ma·

120 2330 205 2393 xime
228 2329 470 2394 conturbabant.
508 2330 569 2394 His
593 2331 676 2394 enim
699 2330 890 2394 exercitibus
913 2329 1120 2417 ducibusque,

122 2439 202 2502 quos
234 2417 403 2502 habemus,
433 2417 522 2482 nullo
554 2419 649 2482 modo
676 2423 821 2502 poteram
849 2417 990 2482 diffidere
1016 2439 1119 2502 neque

81 2530 106 2571 rs
121 2505 321 2572 adsentiebar
347 2506 461 2595 maiori
482 2506 567 2589 parti
588 2506 762 2570 hominum.
807 2504 918 2570 Fidem
940 2506 1025 2570 enim
1048 2529 1120 2570 con-

121 2594 227 2658 sulum
252 2615 319 2658 non
347 2594 607 2675 condemnabam,
634 2617 715 2678 quae
742 2597 890 2677 suspecta
916 2593 1119 2659 vehementer

121 2687 202 2767 erat3
233 2680 448 2746 desiderabam
473 2704 540 2746 non
566 2683 666 2746 nullis
688 2683 723 2747 in
744 2683 840 2746 rebus
862 2682 1064 2764 prudentiam
1087 2687 1119 2746 et

121 2771 327 2854 eeleritatem3
350 2792 413 2854 qua
436 2771 464 2834 si
487 2774 592 2835 essent
615 2772 676 2855 usi,
697 2771 761 2834 iam
784 2771 907 2854 pridem
930 2793 998 2835 rem
1016 2770 1118 2853 publi·

121 2880 189 2923 cam
210 2880 491 2942 recuperassemus.
536 2857 612 2922 Non
634 2859 718 2922 enim
740 2859 883 2944 ignoras,
912 2863 1032 2942 quanta
1053 2879 1119 2922 mo-

83 2969 108 3008 m
121 2949 228 3009 menta
255 2947 320 3010 sint
346 2947 382 3010 in
404 2969 438 3011 re
460 2946 588 3030 publica
609 2951 803 3031 temporum,
830 2951 862 3010 et
885 2947 960 3030 quid
982 2946 1120 3029 intersit,

122 3033 204 3096 idem
225 3033 306 3097 illud
328 3039 437 3099 utrum
460 3039 534 3099 ante
552 3057 593 3098 an
609 3039 684 3118 post
702 3035 897 3120 decernatur,
919 3034 1122 3118 suscipiatur,

122 3125 243 3205 agatur.
280 3121 403 3208 Omnia,
425 3144 505 3206 quae
528 3145 633 3188 severe
656 3123 781 3187 decreta
799 3127 874 3187 sunt
891 3122 953 3186 hoc
970 3121 1121 3205 tumultu,

123 3209 150 3273 si
174 3213 239 3294 aut,
261 3231 325 3292 quc
349 3210 398 3274 die
417 3211 482 3274 dixi
501 3211 702 3297 sententiam,
723 3212 863 3294 perfecta
880 3213 987 3274 essent
1005 3213 1037 3273 et
1054 3230 1122 3274 non

122 3297 156 3359 in
183 3297 267 3360 diem
296 3318 334 3360 ex
361 3297 411 3360 die
439 3297 537 3362 dilata
564 3304 633 3385 aut,
660 3320 723 3382 quo
748 3321 786 3362 ex
808 3302 951 3380 tempore
974 3301 1121 3380 suscepta

84 3389 210 3470 assunt,
236 3388 273 3448 ut
296 3390 476 3469 agerentur,
501 3407 567 3450 non
589 3388 715 3451 tardata
738 3390 770 3450 et
792 3386 1034 3471 procrastinata,
1057 3386 1121 3449 bel·

120 3474 187 3538 lum
209 3473 274 3538 iam
295 3472 421 3537 nullum
442 3472 639 3539 haberemus.
685 3473 813 3559 Omnia,
839 3473 949 3559 Brute,
974 3473 1121 3556 praestiti
1140 3489 1156 3536 2
