2560 3880
147 166 214 230 494
242 145 243 148 ‘
466 165 503 220 u.
524 166 630 220 cunm
649 164 838 220 crcuuoms

9 305 12 314 “
113 324 128 372 5
209 307 258 374 De
290 311 362 372 (ῖοῑ
395 309 524 391 optime.
578 305 741 372 Ciceronis
774 307 915 372 rationes
949 307 1160 390 explicentur.

148 394 247 460 Ovius
271 396 356 460 enim
378 417 495 460 recens.
541 394 574 460 Is
597 395 714 480 multa,
742 417 822 478 quse
845 395 971 480 vellem,
998 395 1034 459 in
1056 395 1098 458 iis
1122 418 1162 459 ne

146 484 208 548 hoe
227 484 354 567 quidem
372 483 492 547 melum
509 483 572 567 †in
590 483 749 547 mandetis
770 488 820 547 set
838 483 965 548 abunde
982 481 1039 547 HS
1060 486 1162 548 ῐῖῖΧΠ

149 572 226 635 satis
250 593 328 658 esse,
351 571 484 635 adfatim
507 593 650 657 prorsus,
673 572 730 636 sed
746 571 914 636 Xenonem
932 572 1108 656 perexigue
1127 576 1160 636 et

147 663 309 745 γλίσχρως
331 659 482 742 praebere
506 659 555 743 [id
577 663 626 723 est
648 659 857 740 minutatim}
898 658 968 734 Quo
991 659 1066 743 plus
1090 681 1160 743 per·
1185 685 1201 726 s

147 747 281 811 mutasti
314 769 410 830 quem
442 747 483 811 ed
513 747 653 810 fructum
685 747 876 830 insularum,
908 747 942 810 id
970 746 1026 810 ille
1053 769 1159 811 annus

147 834 277 919 hebeat,
307 835 343 898 in
370 856 465 918 quem
491 835 618 898 itineris
646 839 794 918 sumptus
823 835 963 899 accessit.
1009 834 1096 899 Hinc
1120 857 1159 899 ex

147 922 218 987 Kal.
243 921 321 1007 Apr.
349 923 388 986 cd
419 920 475 986 Hs
507 926 605 987 iffi
636 923 901 987 accommodetur.
946 921 1041 987 Nmrc
1072 924 1159 986 enim

146 1010 270 1074 insulae
293 1014 429 1075 tentum.
474 1008 655 1076 Videndum
679 1011 764 1076 enim
787 1015 850 1098 est,
876 1010 968 1097 quid,
997 1031 1071 1074 cum
1093 1010 1157 1075 Ro-

146 1120 216 1162 mec
248 1099 317 1162 erit.
369 1097 447 1162 Non
478 1099 563 1163 enim
593 1103 672 1182 puto
705 1120 832 1162 socrum
863 1098 952 1162 illam
983 1099 1157 1162 ferendam.
1171 1125 1197 1163 ιο
1269 1149 1270 1162 .

112 1205 127 1252 6
146 1185 285 1249 Pindaro
309 1186 348 1249 de
370 1184 515 1251 Cumano
536 1207 697 1272 negarem.
742 1185 851 1269 Nunc,
878 1187 969 1250 cuius
991 1187 1038 1250 rei
1060 1208 1158 1251 cause

147 1274 350 1337 tabellarium
372 1275 522 1360 miserim,
546 1276 660 1358 accipe.
697 1273 836 1349 Quintus
858 1275 946 1338 filius
964 1273 1046 1338 mihi
1063 1275 1158 1358 polli-

146 1365 236 1425 cetur
267 1383 300 1425 sc
324 1361 487 1426 Catonem.
531 1363 612 1447 Egit
635 1366 742 1426 eutem
766 1367 798 1426 ct
820 1367 912 1447 peter
935 1365 967 1426 et
990 1360 1092 1448 filius,
1119 1366 1158 1426 ut

146 1449 209 1514 tibi
236 1450 437 1535 sponderem,
469 1450 524 1514 sed
553 1451 612 1534 ita,
640 1454 676 1514 ut
704 1454 774 1515 tum
802 1451 959 1535 crederes,
986 1471 1058 1514 eum
1086 1451 1158 1532 ipse

147 1558 326 1622 cognosces.
372 1537 457 1601 Huic
489 1560 548 1624 ego
580 1540 706 1603 littores
737 1539 840 1621 ipsius
873 1539 1033 1602 arbitratu
1062 1537 1156 1602 debe.
1170 1563 1195 1603 15

146 1625 213 1689 nae
241 1630 274 1689 te
295 1647 336 1689 ne
358 1626 525 1690 moverint.
570 1625 639 1690 Has
663 1627 777 1709 scripsi
799 1627 834 1690 in
857 1647 926 1690 eam
949 1630 1088 1713 partem,
1114 1647 1157 1689 ne

146 1735 197 1778 me
219 1717 344 1778 motum
366 1717 505 1796 putares.
541 1713 585 1778 Di
607 1714 720 1797 faxint,
742 1718 780 1777 ut
798 1714 896 1778 faciet
915 1736 960 1798 ee,
984 1736 1065 1798 quae
1084 1736 1157 1798 pro·
1269 1775 1270 1788 .

146 1801 261 1865 mittit!
299 1800 475 1866 Commune
503 1803 588 1866 enim
615 1803 776 1886 gaudium.
822 1801 885 1866 Sed
913 1822 972 1886 ego
1001 1840 1044 1848 -
1071 1801 1157 1865 nihil

147 1889 217 1953 dico
247 1890 393 1972 amplius.
438 1887 470 1952 Is
502 1889 577 1953 hinc
609 1907 659 1954 vu
685 1888 770 1955 Idus.
816 1889 874 1954 Ait
902 1891 987 1954 enim
1015 1889 1156 1954 attribu·
1269 1969 1270 1974 ἵ

146 1977 268 2040 tionem
291 1977 325 2040 in
347 1976 433 2062 Idus,
456 1997 489 2040 se
513 1982 620 2041 eutem
642 1979 750 2061 urgeri
773 1979 897 2042 acriter.
940 1977 990 2041 Tu
1012 2000 1052 2041 ex
1074 1977 1156 2042 meis
1169 2003 1195 2041 ro
1269 2025 1270 2048 .

146 2064 274 2148 litteris,
293 2086 356 2149 quo
375 2064 470 2128 modo
488 2064 690 2148 respondeas,
708 2066 920 2130 moderabere.
956 2065 1064 2150 Plura,
1082 2087 1157 2130 cum
1269 2123 1270 2142 ,

146 2156 179 2215 ct
201 2151 339 2218 Brutum
360 2153 470 2216 videro
494 2157 526 2217 et
548 2153 683 2217 Erotem
706 2155 876 2219 remittam.
913 2153 1043 2218 Atticae
1065 2175 1157 2218 mese
1269 2165 1270 2208 l

144 2242 382 2392 {ffusaffiffem
414 2241 534 2324 accipio
563 2263 695 2324 eamque
723 2264 795 2307 emo
823 2242 1011 2327 plurimum3
1043 2243 1096 2306 cui
1123 2245 1157 2306 et
1269 2241 1270 2310 l

174 2329 282 2392 ‘iees
316 2333 411 2392 utem.
1107 2357 1110 2364 ·

626 2467 667 2534 H.
1170 2495 1194 2535 rs

293 2568 349 2624 Sor.
364 2571 396 2624 in
414 2571 566 2627 Puteolano
588 2571 616 2625 V
629 2572 699 2626 Ides
714 2572 807 2641 Quint.
822 2589 847 2627 c.
864 2575 918 2628 710
937 2575 1005 2642 (44).

449 2677 856 2732 croneonrrroosnr.

112 2781 125 2828 1
211 2781 249 2826 VI
271 2761 347 2828 Idus
371 2764 448 2830 dues
472 2767 626 2850 epistulas
650 2767 769 2853 accepi,
798 2790 896 2832 unam
919 2789 938 2831 a
959 2789 1032 2832 meo
1055 2769 1159 2833 tabel—
1269 2779 1270 2842 l

145 2850 238 2935 lario,
260 2851 394 2916 alteram
417 2875 438 2917 o
459 2852 562 2919 Bruti.
600 2855 649 2920 Dc
671 2855 853 2920 Buthrotiis
871 2856 969 2940 longe
987 2856 1051 2920 alie
1068 2857 1158 2922 fame
1269 2851 1270 2939 l

145 2938 181 3001 in
203 2937 254 3002 his
277 2938 356 3002 loeis
377 2941 490 3026 fueret,
513 2943 569 3008 sed
587 2965 659 3008 cum
677 2943 749 3008 eliis
768 2943 880 3008 multis
899 2943 961 3008 hoc
978 2944 1157 3008 ferendum.
1171 2972 1196 3010 so
1269 2957 1270 3000 l

145 3025 280 3090 Erotem
298 3028 408 3092 remisi
426 3029 531 3114 citius,
554 3052 650 3113 quam
669 3032 909 3116 constitueram,
927 3036 964 3096 ut
984 3035 1080 3116 esset,
1099 3034 1157 3116 qui

146 3112 322 3178 Hortensio
355 3119 387 3180 et
418 3115 536 3199 †quia
563 3141 580 3182 e
607 3120 724 3202 quibus
753 3119 881 3202 quidem
908 3120 954 3184 eit
982 3142 1016 3185 sc
1042 3118 1156 3185 Idibus
1269 3129 1270 3198 ξ

147 3202 360 3268 constituisse.
397 3203 591 3270 Hortensius
614 3229 690 3271 vero
712 3207 921 3290 impudenter.
958 3206 1053 3271 Nihil
1071 3209 1157 3272 enim

147 3288 280 3352 debetur
303 3291 333 3354 ei
353 3293 418 3357 nisi
441 3315 480 3356 ex
498 3295 595 3358 tertia
613 3295 775 3381 pensione,
799 3317 880 3378 queo
898 3299 948 3360 est
965 3296 1038 3360 Kal.
1054 3294 1156 3382 Sext,
1269 3313 1270 3378 ξ

148 3396 185 3437 θΧ
219 3397 282 3458 (1Πει
313 3381 465 3460 pensione
497 3381 566 3463 ipse
593 3382 695 3445 maior
722 3405 797 3464 pers
825 3387 874 3448 est
903 3384 932 3449 ei
962 3384 1070 3449 solute
1100 3384 1157 3449 eli-
1170 3409 1196 3450 ss
1269 3389 1270 3434 l

148 3467 267 3542 quanto
291 3469 365 3531 ente
388 3467 479 3531 diem.
526 3466 587 3532 Sed
609 3468 687 3533 haec
709 3469 794 3534 Eros
817 3472 939 3537 videbit
961 3471 1084 3536 Idibus.
