2560 3880
191 171 257 236 518
535 170 573 225 Μ.
592 169 700 224 TULLI
718 167 906 224 CICERONIS

193 313 367 398 aliquando
395 335 453 378 suo
481 312 647 397 familiari,
674 310 857 376 adversario
885 314 944 375 tuo
971 308 1116 374 voluisse
1138 329 1204 373 eon·

193 403 327 487 saltum,
348 423 422 466 cum
444 401 534 465 illius
557 401 756 466 existimatio
780 402 937 485 ageretur.
975 397 1048 462 Hoc
1069 397 1204 481 primum

194 490 360 575 ignoscere
393 494 442 553 est
473 489 688 553 humanitatis
720 491 809 573 tuae;
846 507 922 551 suos
954 487 1041 550 enim
1075 485 1204 568 quisque

194 578 289 642 debet
311 578 410 663 tueri,
433 576 555 662 deiude,
579 577 608 641 si
629 598 682 641 me
705 597 794 640 amas
818 572 950 661 (omitte
964 572 1139 660 Atticum),
1160 571 1204 637 Ci-

194 666 302 731 oeroni
329 670 402 752 tuo,
433 686 529 748 quem
556 665 670 748 quanti
696 664 811 748 facias,
837 684 914 748 prae
940 665 974 726 te
1002 662 1088 726 soles
1118 661 1232 744 ferres

194 757 302 818 totum
323 753 385 817 hoc
404 753 454 838 da,
475 756 523 837 ut,
546 752 633 836 quod
651 773 777 836 semper
795 749 989 835 existimavi,
1010 771 1098 814 nunc
1116 749 1205 833 plane

143 859 174 909 11
195 841 395 926 intellegam,
423 861 475 904 me
502 863 521 904 a
546 844 581 905 te
603 840 744 905 multum
766 839 874 904 amari.
920 837 1115 902 Buthrotios
1138 859 1204 902 cum

196 927 314 994 Caesar
342 929 468 993 decreto
499 949 573 1012 suc,
604 928 691 1012 quod
718 948 778 1013 ego
807 926 977 1012 obsignavi
999 947 1074 990 eum
1096 925 1204 990 multis

195 1017 405 1102 amplissimis
427 1016 516 1100 viris,
538 1016 743 1088 liberavisset
766 1015 1025 1097 ostendissetque
1046 1014 1145 1078 nobis
1168 1035 1203 1090 re,

194 1127 268 1169 eum
291 1105 411 1188 agrarii
428 1125 517 1168 mare
534 1105 738 1189 transissent,
759 1104 886 1168 litteras
904 1103 1090 1188 missurum,
1114 1123 1233 1186 quema

194 1193 230 1256 in
252 1212 366 1276 agrum
385 1192 625 1278 deducerentur,
648 1191 771 1275 accidit,
794 1195 832 1255 ut
850 1191 959 1255 subito
978 1189 1034 1255 ille
1052 1190 1203 1255 interiret.

194 1279 331 1365 Deinde,
363 1302 459 1363 quem
492 1279 533 1344 ad
563 1279 695 1344 modum
721 1283 759 1343 tu
787 1280 849 1343 seis
877 1277 1072 1364 (interfuisti
1099 1274 1204 1364 enim),

194 1389 268 1432 cum
295 1369 443 1432 eonsules
471 1371 637 1451 oporteret
666 1389 706 1431 ex
733 1371 863 1432 senatus
894 1366 1043 1430 consulto
1067 1367 1106 1430 de
1130 1365 1203 1430 actis

194 1455 342 1521 Caesaris
365 1476 567 1542 cognoscere,
588 1477 640 1519 res
663 1455 704 1520 ab
728 1456 768 1519 iis
791 1455 827 1519 in
848 1453 919 1518 Kal
938 1452 1008 1519 Iun.
1028 1453 1131 1518 dilata
1153 1457 1203 1518 est.

193 1543 339 1608 Accessit
362 1544 403 1608 ad
425 1547 555 1607 senatus
579 1544 763 1608 consultum
785 1543 847 1629 lex,
870 1564 952 1626 quae
973 1543 1041 1607 leta
1065 1546 1116 1606 est
1140 1541 1232 1607 adn

193 1649 245 1695 1111
268 1630 352 1696 Non.
377 1629 489 1717 [Iun.]‚
517 1653 599 1714 quae
624 1631 678 1695 lex
705 1653 815 1696 earum
837 1653 960 1716 rerum,
987 1652 1067 1714 quas
1092 1629 1204 1695 Caesar

195 1720 373 1805 statuisset,
399 1718 601 1804 decrevisset,
623 1720 753 1804 egisset,
776 1719 963 1783 oonsulibus
987 1719 1204 1803 cognitionem

193 1806 289 1870 dedit.
341 1805 446 1872 Causa
477 1806 726 1871 Buthrotiorum
758 1806 864 1871 delata
896 1809 945 1870 est
977 1805 1018 1869 ad
1049 1807 1203 1871 consules.

192 1893 367 1959 Decretum
394 1893 540 1958 Caesaris
571 1895 743 1960 recitatum
770 1897 820 1959 est
849 1897 882 1958 et
913 1893 1009 1959 multi
1041 1899 1203 1977 praeterea

192 1982 296 2047 libelli
318 1981 462 2048 Caesaris
486 1982 613 2066 prolati.
655 1981 812 2047 Consules
836 1982 874 2046 de
896 1981 1023 2046 consilii
1046 1983 1232 2047 sententiaa

193 2070 401 2135 decrevenmt
430 2071 604 2134 secundum
630 2070 823 2135 Buthrotios
850 2069 906 2111 ²⁸*
932 2069 1090 2134 Plancum
1117 2071 1203 2135 dede·

141 2176 173 2224 12
193 2163 278 2222 runt.
323 2157 432 2243 Nunc,
458 2159 504 2222 mi
529 2157 643 2242 Capito
667 2156 748 2245 (seio
773 2158 871 2242 enim,
901 2161 1059 2241 quantum
1082 2180 1203 2243 semper

193 2247 278 2330 apud
305 2268 374 2330 eos,
401 2245 593 2329 quibuscum
617 2247 676 2331 sis,
702 2267 797 2330 posse
821 2247 933 2330 soleas,
962 2267 1000 2311 eo
1023 2246 1100 2329 plus
1124 2246 1203 2332 apud

192 2334 355 2398 hominem
382 2333 572 2397 facillimum
600 2338 697 2417 atque
718 2335 999 2419 humanissimum,
1025 2333 1203 2420 Plancum),

193 2422 322 2506 enitere,
345 2421 475 2486 elabora
492 2421 544 2485 vel
562 2422 671 2505 potius
690 2422 863 2507 eblandire,
886 2422 985 2507 effice,
1002 2425 1040 2486 ut
1058 2421 1230 2507 Plancus,s

193 2530 287 2591 quem
311 2530 404 2593 spero
428 2509 588 2592 optimum
612 2531 691 2595 esse,
713 2511 756 2574 sit
775 2511 873 2574 etiam
889 2510 1006 2574 melior
1024 2519 1124 2594 opera
1142 2515 1201 2576 tua

193 2594 332 2659 Omnino
363 2617 415 2661 res
445 2596 543 2661 huius
576 2598 663 2661 modi
690 2597 772 2663 mihi
798 2599 926 2663 videtur
954 2619 1038 2683 esse,
1068 2602 1109 2662 ut
1138 2599 1203 2664 siue

192 2683 381 2766 cuiusquam
404 2684 510 2770 gratia
532 2683 670 2750 Plancus
693 2687 763 2771 ipse
785 2707 845 2771 pro
867 2685 999 2770 ingenio
1017 2688 1052 2750 et
1069 2688 1202 2769 pruden-

192 2771 239 2834 tia
263 2792 320 2835 sua
341 2792 408 2835 non
431 2772 474 2836 sit
497 2772 714 2861 dubitaturus,
740 2774 820 2858 quin
842 2774 1005 2838 decretum
1026 2775 1202 2856 consulum,

192 2879 330 2942 quorum
358 2863 390 2923 et
415 2859 487 2944 lege
515 2864 547 2924 et
579 2865 709 2926 senatus
731 2862 878 2926 consulto
902 2861 1046 2948 cognitio
1069 2865 1103 2926 et
1126 2863 1229 2926 iudi-a

192 2947 277 3010 cium
295 2947 368 3031 fiiit,
390 2952 567 3035 conservet,
584 2950 774 3032 praesertim
791 2972 863 3015 cum
882 2950 944 3014 hoe
963 2970 1079 3034 genere
1098 2951 1202 3035 cogni·

191 3034 318 3098 tionum
348 3034 542 3099 labefactato
574 3041 645 3101 acta
673 3037 819 3103 Caesaris
846 3039 882 3102 in
908 3037 1043 3101 dubium
1069 3043 1202 3102 ventura

191 3121 373 3205 videantur,
405 3143 487 3204 quae
513 3143 579 3186 non
606 3126 703 3190 modo
730 3127 769 3212 ii,
801 3146 939 3209 quorum
966 3126 1118 3211 interest,
1151 3125 1202 3190 sed

192 3209 289 3272 etiam
316 3209 354 3294 ii,
381 3208 438 3293 qui
464 3209 521 3274 illa
552 3233 618 3275 uon
640 3213 793 3299 probant,
821 3213 881 3278 otii
903 3235 999 3278 causa
1021 3213 1201 3279 confirmari
1258 3197 1260 3298 l

135 3312 171 3362 13
191 3295 300 3360 velint.
337 3296 429 3372 Quod
451 3317 524 3361 cum
546 3299 594 3363 ita
617 3301 670 3386 sit,
691 3303 801 3365 tamen
822 3302 958 3366 interest
980 3305 1093 3367 nostra
1110 3301 1228 3367 Plan-s
1257 3299 1258 3308 ³

191 3401 264 3446 eum
290 3383 352 3450 hoe
380 3386 486 3449 animo
508 3386 624 3450 libenti
646 3388 837 3472 prolixoque
859 3389 976 3474 faeere3
1009 3390 1096 3473 quod
1118 3393 1201 3455 certe

189 3468 299 3556 faciet,
332 3472 360 3537 si
387 3476 425 3537 tu
446 3474 597 3538 nervulos
625 3477 700 3538 tuos
727 3476 809 3540 mihi
838 3497 933 3561 saepe
961 3478 1110 3562 cognitos
1133 3500 1201 3544 sus-
