2616 3884
303 145 565 202 EPISTULARUM
584 148 634 200 AD
653 147 817 202 Arrrcuu
836 147 874 201 IX
893 151 971 202 3—5.
1080 148 1145 212 259

14 315 15 320 ’
123 289 396 376 τυραννουμένης
418 289 439 373 ἣ
463 291 520 355 διδι
542 292 666 367 παντὸς
691 288 779 355 ἰτέον
798 291 960 356 κινδύνου
979 301 1036 374 της
1056 290 1145 357 ἐλευ-
1202 364 1206 372 Ι

124 383 244 463 θερίας
270 377 354 464 πέρι.
394 380 437 443 Εἰ
463 382 610 463 πόλεμον
639 377 797 444 ἐπακτέον
824 387 865 465 τῇ
895 381 986 465 χώρα
1008 377 1063 446 καί
1086 402 1146 445 πο-

124 465 320 552 λιορκητέον
343 466 448 550 αὐτην
471 467 754 552 τυραννουμένην.
790 466 919 532 Εἰκαί
940 470 984 552 μη
1009 467 1144 552 δοκιμτί-

125 560 224 635 ζοντα
259 555 320 638 την
357 555 415 620 διδ
449 554 599 640 πολέμου
634 557 818 622 κατάλυσιν
835 609 838 614 .
853 564 913 638 της
945 556 1145 640 τυραννίδος

98 642 424 729 ισυναπογραπτέον
451 643 539 727 ὅμως
561 653 632 720 τοίς
654 643 811 729 ἀρίστοις.
858 645 904 708 Εἰ
922 655 993 719 τοίς
1015 643 1145 729 εὐεργέ-

125 755 197 808 ταις
229 730 285 796 καί
316 735 428 815 φίλοις
461 731 763 814 συγκινδυνευτίον
792 731 830 796 ἐν
856 742 927 808 τοίς
953 738 1146 816 πολιτικοῖς,

125 819 188 885 κδν
211 820 256 903 μη
280 820 425 884 δοκῶσιν
448 814 486 884 εὗ
509 823 754 903 βεβουλεῦσθαι
777 819 854 906 περὶ
877 830 944 886 τῶν
968 821 1063 886 ὅλων.
1102 823 1145 886 Εἰ

126 908 143 974 ὁ
167 909 294 993 μεγάλα
317 907 379 990 την
401 908 545 991 πατρίδα
569 909 794 994 εὐεργετήσας,
818 906 860 972 δι’
885 909 966 974 αὐτὸ
990 905 1028 974 δὲ
1046 918 1144 976 τοῦτο

126 995 290 1080 ἀνήκεστα
312 996 434 1060 παθὼν
455 993 511 1060 καί
534 994 725 1080 φθονηθεὶς
742 997 1000 1062 κινδυνεύσειεν
1010 996 1053 1061 δν
1072 996 1145 1062 ἐθε-

84 1110 111 1149 10
126 1085 247 1167 λοντὴς
281 1080 365 1168 ὑπὲρ
397 1092 456 1168 τῆς
486 1085 648 1169 πατρίδος
679 1083 699 1166 ἢ
734 1083 870 1169 ἐφετέον
902 1084 992 1173 αὐτῷ
1025 1084 1145 1150 ἑαυτοῦ

125 1194 205 1238 ποτε
225 1169 281 1236 καί
300 1183 368 1236 τῶν
387 1173 600 1256 οἰκειοτάτων
618 1179 789 1238 ποιεῖσθαι
807 1175 973 1258 πρόνοιαν
991 1172 1144 1260 ἀφεμένῳ

126 1263 184 1338 τδις
207 1260 291 1346 πρὸς
313 1261 392 1336 τοὺς
416 1261 592 1344 ἰσχύοντας
615 1261 846 1336 διαπολιτειάς.

192 1346 233 1412 In
258 1347 310 1412 his
339 1368 398 1433 ego
426 1370 479 1413 me
501 1347 794 1412 consultationibus
819 1369 967 1413 exercens
992 1352 1024 1412 et
1048 1349 1179 1412 disse-3

126 1457 200 1501 rens
224 1436 260 1500 in
282 1439 453 1520 utramque
475 1440 601 1520 partem
623 1440 694 1502 tum
718 1434 850 1520 Graece,
881 1441 952 1500 tum
974 1435 1089 1500 Latine
1113 1441 1145 1500 et

84 1550 112 1591 ιε
127 1525 250 1589 abduco
269 1545 441 1608 parumper
460 1524 602 1592 animum
621 1547 640 1588 a
657 1524 818 1588 molestiis
837 1528 868 1588 et
887 1535 954 1588 τῶν
972 1525 1145 1608 προῦργου

127 1637 158 1678 τι
182 1612 334 1678 delibero
372 1611 434 1677 Sed
456 1633 579 1695 vereor,
598 1634 639 1676 ne
657 1612 720 1676 tibi
739 1614 875 1696 ἄκαιρος
898 1613 966 1676 sim.
1005 1609 1145 1676 sienim

126 1705 212 1766 recte
231 1699 443 1765 ambulaverit
461 1700 499 1784 is,
519 1701 574 1784 qui
591 1702 675 1764 hanc
694 1699 865 1782 epistulam
885 1699 972 1783 tulit,
990 1698 1025 1763 in
1038 1698 1145 1782 ipsum

126 1793 221 1854 tuum
245 1789 329 1853 diem
352 1788 480 1854 incidet.

618 1961 657 2028 V.

13 2131 15 2136 .
85 2097 113 2136 ao
326 2084 383 2140 Sor.
399 2084 522 2139 Formiis
544 2085 590 2138 VI
604 2085 648 2138 Ιοί.
664 2083 751 2139 Mart.
767 2101 792 2137 οι.
810 2086 864 2138 705
884 2085 953 2151 (49).

433 2206 579 2262 CICERO
597 2205 745 2262 ATTICO
763 2205 845 2261 SAL.

193 2314 306 2380 Natali
334 2315 384 2380 die
414 2319 472 2379 tuo
504 2315 663 2399 scripsisti
686 2315 858 2399 epistulam
881 2315 920 2377 ad
942 2336 993 2377 me
1015 2314 1144 2397 plenam
1164 2331 1177 2378 1

127 2405 255 2469 consilii
277 2425 483 2488 summaeque
506 2425 579 2468 oum
601 2403 843 2468 benevolentiae
866 2407 937 2466 tum
955 2402 1053 2466 etiam
1071 2424 1144 2485 pru·

127 2493 262 2558 dentiae.
308 2485 391 2556 Flam
417 2491 498 2555 mihi
521 2491 717 2555 Philotimus
744 2491 914 2575 postridie,
943 2512 1040 2575 quam
1070 2493 1143 2555 ate

87 2607 113 2648 aa
127 2584 306 2664 acceperat,
333 2580 478 2645 reddidit.
525 2578 608 2644 Sunt
631 2580 695 2644 ista
718 2579 857 2664 quidem,
885 2601 965 2662 quae
988 2579 1144 2664 disputaS,

127 2669 327 2752 difficillima,
349 2669 412 2733 iter
432 2669 471 2732 ad
490 2689 652 2754 superum,
668 2668 834 2752 navigatio
854 2667 966 2750 infero,
985 2667 1143 2730 discessus

127 2757 298 2842 Arpinum,
315 2757 459 2821 nevhunc
477 2757 609 2842 fugisse,
621 2755 747 2820 mansio
766 2755 913 2838 Formiis,
926 2777 967 2820 ne
986 2754 1144 2818 obtulisse

127 2869 187 2911 nos
211 2844 423 2931 gratulationi
446 2845 620 2930 videamur,
644 2844 699 2908 sed
721 2845 870 2910 miserius
888 2843 972 2908 nihil
991 2865 1088 2928 quam
1107 2864 1143 2906 ca

128 2935 249 3018 videre,
281 2955 361 3018 quae
384 2938 493 2998 tamen
515 2933 593 3018 iam,
621 2934 696 3011 ιἰιικ,
719 2932 861 3016 inquam,
883 2931 1018 2996 videnda
1041 2933 1142 2996 enmt.

89 3048 114 3086 ao
194 3021 272 3086 Fuit
295 3022 379 3106 apud
402 3043 453 3086 me
475 3019 660 3105 Postumus,
690 3021 805 3103 scripsi
828 3020 867 3083 ad
890 3024 932 3104 te,
955 3041 1051 3103 quam
1074 3038 1144 3102 gra-
1205 3069 1208 3079 .

127 3111 185 3174 vis.
228 3108 328 3174 Venit
351 3109 391 3174 ad
413 3131 464 3174 me
487 3109 584 3173 etiam
608 3108 642 3184 Q.
657 3107 768 3172 Fufius
789 3129 852 3191 quo
872 3108 973 3190 vultu,
998 3128 1062 3189 quo
1082 3106 1143 3188 spi-

127 3199 207 3263 ritu!
245 3220 420 3282 properans
444 3197 667 3283 Brundisium,
694 3196 797 3262 scelus
825 3216 979 3260 accusans
1002 3193 1144 3277 Pompei,

127 3287 294 3351 leuitatem
315 3291 349 3350 et
373 3286 548 3351 stultitiam
567 3289 706 3360 senatus.
743 3279 832 3348 Haeo
851 3282 907 3366 qui
925 3283 960 3346 in
977 3304 1049 3345 mea
1067 3281 1144 3344 villa

127 3397 194 3440 non
216 3375 325 3456 feram,
351 3372 499 3438 Curtium
522 3374 558 3438 in
580 3374 668 3438 curia
685 3375 798 3456 potero
818 3371 924 3435 ferre?
955 3368 1036 3452 Age,
1058 3369 1143 3451 finge
1163 3385 1178 3430 2

89 3488 113 3528 ιι
127 3485 180 3528 me
199 3463 345 3547 quamvis
365 3463 573 3546 εὐστομάχως
591 3457 969 3540 nauseantemque?
988 3456 1044 3519 illa
1060 3454 1145 3538 Ἕω,

933 3557 985 3609 17*
