2586 3886
174 161 238 225 108
493 157 530 212 M.
550 156 658 210 TULLI
675 155 864 210 CICERONIS

173 303 359 386 adsequitur
378 301 463 365 inter
482 301 569 365 vicos
582 298 747 364 hominem
760 297 851 382 Milo,
869 297 1050 362 obnuntiat.
1078 295 1139 361 Ille
1154 317 1194 360 se

171 392 293 474 recepit
315 410 433 474 magno
457 393 490 454 et
512 388 600 471 turpi
624 387 659 463 Q.
682 386 788 450 Flacci
810 386 962 450 convicio.
993 384 1078 450 Ante
1103 385 1193 448 diem

172 497 197 544 x
219 479 290 542 Kal.
313 478 482 542 nundinae.
529 475 645 540 Contio
669 474 767 538 biduo
790 474 888 537 nulla.

136 585 152 633 a
239 565 325 630 Ante
348 566 433 629 diem
450 582 514 629 vm
531 563 602 628 Kal.
621 563 700 627 haec
724 583 783 648 ego
808 560 988 626 scribebam
1009 559 1091 624 hora
1113 579 1193 624 noc·

172 655 216 719 tis
238 676 332 718 noua.
378 653 458 717 Milo
480 673 627 735 eampum
649 651 714 714 iam
736 649 875 714 tenebat.
921 648 1092 713 Marcellus
1115 669 1191 712 oan-
1226 673 1247 714 5

172 742 300 806 didatus
323 742 370 804 ita
400 739 570 822 stertebat,
597 743 634 802 ut
662 738 869 822 ego.vicinus
897 737 1048 801 audirem.
1094 734 1192 800 Clodi

171 829 369 894 vestibulum
378 850 514 892 vacuum
528 848 604 891 sane
618 825 697 890 mihi
708 825 928 908 nuntiabatur,
942 825 1053 908 paucis
1067 845 1192 907 panno-

172 918 217 982 sis
239 918 324 982 linea
346 917 501 980 lanterna.
538 914 612 979 Meo
636 914 771 978 oonsilio
795 913 903 977 omnia
921 913 970 976 illi
988 912 1058 976 fieri
1073 933 1192 995 quere·

172 1006 291 1070 bantur
323 1005 443 1088 ignari,
482 1006 638 1087 quantum
675 1003 710 1065 in
741 1001 798 1066 illo
830 1000 928 1064 heroe
960 1004 1043 1064 esset
1080 1000 1192 1083 animi,

173 1097 329 1176 quantum
362 1093 459 1155 etiam
492 1090 625 1155 consilii.
676 1089 824 1153 Miranda
854 1089 958 1152 virtus
991 1091 1049 1152 est.
1094 1086 1193 1152 Nova
1209 1114 1245 1153 m
1285 1137 1286 1140 ,

173 1180 329 1264 quaedam
351 1178 458 1244 divina
480 1180 588 1262 mitt03
618 1178 673 1241 sed
694 1177 773 1242 haec
796 1199 921 1240 summa
943 1181 1000 1240 est.
1048 1174 1192 1240 Comitia
1285 1165 1286 1184 ¹

172 1269 242 1332 fore
260 1289 327 1331 non
345 1267 499 1352 arbitror;
517 1289 607 1330 reum
621 1265 782 1348 Publium,
804 1265 869 1329 m'si
888 1268 962 1328 ante
977 1263 1100 1328 occisus
1116 1264 1192 1350 erit,

172 1355 242 1420 fore
270 1378 288 1419 a
311 1355 432 1419 Milone
460 1359 553 1440 put03
582 1354 610 1418 si
638 1375 671 1417 se
699 1354 734 1416 in
761 1352 858 1416 turba
886 1353 915 1416 ei
945 1353 1067 1416 obviam
1095 1351 1191 1415 obtu-

172 1444 258 1529 lerit,
281 1443 421 1507 occisum
442 1443 484 1506 iri
507 1443 547 1506 ab
571 1443 642 1524 ipso
665 1441 787 1505 Milone
809 1440 910 1505 video.
955 1439 1033 1506 Non
1059 1438 1190 1503 dubitat

172 1531 290 1614 facere,
321 1553 398 1614 prae
428 1551 461 1594 se
491 1532 567 1615 fert3
598 1551 707 1594 casum
730 1529 823 1593 illum
844 1532 993 1592 nostrum
1019 1548 1087 1591 non
1108 1527 1239 1593 enti-1⁵
1285 1571 1286 1596 1

172 1619 294 1684 mesoit.
340 1617 526 1702 Numquam
558 1617 644 1681 enim
673 1617 860 1699 cuiusquam
890 1616 991 1680 invidi
1013 1619 1046 1679 et
1073 1615 1190 1698 perfidi
1285 1617 1286 1622 ’

173 1707 308 1772 oonsilio
333 1710 383 1770 est
405 1727 523 1771 usurus
546 1726 605 1769 nec
628 1705 726 1769 inerti
748 1704 852 1768 nobili
874 1704 1061 1768 crediturus.

138 1812 154 1860 6
240 1793 310 1859 Nos
335 1795 442 1858 animo
466 1795 635 1858 dumtaxat
658 1793 812 1877 vigemus,
836 1791 934 1856 etiam
956 1791 1069 1876 magis,
1092 1811 1190 1871 quam

173 1904 247 1946 oum
269 1882 471 1966 florebamus‚
495 1902 528 1944 re
546 1881 698 1944 familiari
716 1879 904 1943 comminuti
922 1901 1040 1943 sumus.
1074 1877 1190 1953 Quinti

172 1970 283 2034 fratris
307 1974 414 2034 tamen
441 1967 631 2032 liberalitati
658 1989 716 2050 pro
744 1967 953 2030 facultatibus
982 1966 1118 2047 nostris,
1145 1987 1188 2030 ne
1204 1993 1238 2032 so

173 2057 304 2120 omnino
329 2055 504 2120 exhaustus
527 2077 639 2137 essem,
661 2055 718 2118 illo
742 2058 909 2118 recusante
933 2054 1085 2119 subsidiis
1110 2055 1189 2118 ami-

172 2166 283 2209 corum
317 2144 549 2226 respondimus.
603 2141 686 2217 Quid
721 2143 846 2206 consilii
879 2142 918 2206 de
952 2143 1039 2206 omni
1072 2145 1189 2206 nostro

173 2236 263 2296 statu
278 2231 452 2316 capiamus,
475 2234 508 2295 te
527 2231 659 2294 absente
677 2231 845 2295 nescimus.
883 2229 986 2305 Quare
1001 2230 1189 2313 adpropera.

650 2385 706 2451 IV.

367 2490 424 2546 Ser.
445 2491 548 2544 Romae
566 2491 623 2543 ΙΙΙ
637 2490 674 2544 K.
694 2489 775 2543 Febr.
795 2507 820 2543 a.
842 2493 898 2543 698
917 2492 987 2558 (56).
1204 2502 1235 2542 25

476 2577 620 2632 CICERO
638 2576 783 2631 ATTICO
802 2577 884 2631 SAL.

238 2665 457 2731 Periucundus
485 2667 566 2730 mihi
589 2666 719 2732 Cincius
747 2667 810 2731 fuit
837 2671 911 2731 ante
939 2666 1023 2730 diem
1052 2684 1092 2730 111
1114 2666 1188 2733 Kal.

170 2752 263 2818 Febr.
288 2759 362 2818 ante
384 2756 502 2838 lucem3
534 2755 617 2819 dixit
647 2755 733 2819 enim
761 2754 842 2818 mihi
872 2759 905 2819 te
935 2775 1004 2819 esse
1033 2753 1068 2817 in
1090 2752 1189 2818 Italia

171 2863 303 2925 seseque
326 2842 366 2905 ad
389 2845 421 2906 te
444 2864 561 2925 pueros
585 2843 723 2906 mittere.
769 2842 856 2918 Quos
875 2843 943 2907 sine
965 2843 1044 2906 meis
1064 2842 1186 2907 litteris

171 2931 217 2994 ire
239 2930 339 3013 nolui,
361 2951 429 2994 non
449 2951 513 3013 quo
532 2929 692 3013 haberem,
717 2930 802 3014 quod
821 2931 892 3015 tibi,
914 2931 1103 3014 praesertim
1120 2931 1187 2994 iam
1203 2957 1232 2997 ao

171 3039 272 3101 prope
294 3018 470 3100 praesenti,
501 3018 687 3102 scriberem,
718 3018 773 3082 sed
802 3022 839 3082 ut
867 3018 930 3082 hoc
958 3019 1066 3102 ipsum
1089 3019 1188 3103 signi-

171 3102 314 3191 ficarem,
343 3105 424 3169 mihi
454 3109 548 3168 tuum
578 3105 751 3170 adventum
776 3106 1002 3170 suavissimum
1026 3111 1188 3189 exspecta-

171 3192 397 3276 tissimumque
421 3215 497 3258 esse.
544 3192 648 3268 Quare
670 3193 784 3258 advola
807 3193 847 3258 ad
868 3215 929 3258 nos
948 3216 985 3258 eo
1009 3194 1126 3277 animo,
1149 3199 1187 3258 ut

170 3301 230 3346 nos
245 3303 341 3364 ames,
365 3285 397 3345 te
416 3281 516 3344 amari
535 3281 625 3344 seiae.
663 3279 777 3344 Cetera
800 3303 907 3346 coram
926 3302 1066 3366 agemus.
1098 3281 1187 3347 Haec

170 3374 379 3453 properantes
404 3369 598 3452 scripsimus.
645 3366 714 3442 Quo
745 3368 796 3432 die
819 3369 941 3453 venies,
970 3369 1084 3454 utique
1114 3391 1186 3434 oum
1201 3395 1228 3437 aa

170 3458 237 3521 tuis
261 3457 346 3541 apud
368 3479 419 3520 me
442 3458 513 3521 eris.
