2616 3884
270 167 529 224 EPISTULARUM
547 170 597 225 AD
616 171 780 226 ATTICUM
798 172 864 226 VIII
883 179 978 228 9-11.
1069 175 1135 240 235

114 333 185 376 non
207 310 341 397 solvere,
364 311 502 376 aliorum
524 314 609 378 diem
630 316 775 380 nondum
798 336 876 379 esse.
919 314 1013 380 Dixit
1037 317 1136 382 etiam

117 400 182 464 alia
210 399 366 482 quaedam
394 401 433 465 de
463 402 598 467 servulis
628 402 709 488 suia,
742 424 841 487 quare
866 403 1038 468 nobiscum
1067 427 1136 470 esse

115 509 185 553 non
205 491 325 571 posset.
367 488 492 554 Morem
514 490 613 575 gessi,
638 491 745 554 dimisi
769 514 788 555 a
809 513 862 556 mo
884 495 921 555 ut
944 493 1138 577 magistrum

118 574 313 640 Ciceronum
343 597 410 640 non
441 577 603 665 lubenter,
634 583 672 642 ut
698 578 863 644 hominem
884 579 1050 664 ingratum
1070 601 1139 645 non

10 720 11 724 ,
89 663 252 730 ainvitue.
288 663 389 729 Volui
411 668 444 729 te
468 665 557 752 scire,
580 667 709 750 etquid
729 688 788 752 ego
808 668 846 732 de
866 668 935 732 eius
953 669 1039 732 facto
1058 668 1138 732 iudi-

117 773 233 818 caram.

601 928 657 993 XI.

272 1049 330 1105 Sor.
345 1050 376 1104 ln
396 1047 548 1104 Formiano
566 1049 624 1103 III
638 1049 675 1103 K.
691 1049 779 1105 Mart.
794 1067 820 1105 a.
837 1055 892 1106 705
912 1055 981 1120 (49).

442 1171 570 1226 CICERO
588 1171 722 1226 ATTICO
742 1172 816 1228 SAL.

77 1306 105 1346 ro
188 1279 281 1355 Quod
312 1301 364 1344 me
389 1301 507 1364 magno
535 1280 634 1344 animi
660 1284 753 1345 motu
779 1283 1006 1365 perturbatum
1032 1286 1172 1367 puteal

121 1390 194 1434 sum
218 1369 374 1454 equidem,
397 1370 541 1433 sednon
563 1372 631 1432 tam
653 1390 780 1454 magna,
804 1391 900 1452 quam
918 1371 981 1434 tibi
999 1371 1138 1435 fortasse

119 1457 240 1522 videor.
286 1455 427 1522 Levatur
455 1457 540 1520 enim
563 1456 668 1521 omnis
699 1479 787 1541 cura,
816 1479 889 1521 oum
912 1462 967 1522 aut
991 1459 1138 1522 constitit

120 1545 307 1630 eonsilium,
335 1549 390 1608 aut
421 1545 591 1629 cogitando
614 1544 699 1608 nihil
722 1545 908 1628 explicatur.
953 1544 1138 1610 Lamentari

122 1637 230 1697 autem
257 1633 333 1696 licet
361 1633 443 1697 illud
471 1633 599 1716 quidem
627 1636 716 1696 totos
746 1633 826 1717 dies3
860 1634 914 1697 sed
936 1654 1062 1719 vereor,
1088 1655 1138 1719 ue,

80 1746 108 1786 15
121 1721 206 1784 nihil
229 1743 302 1785 cum
324 1721 499 1806 proficiam,
522 1721 619 1784 etiam
642 1721 787 1785 dedecori
811 1721 873 1786 sim
896 1720 1011 1786 studiis
1031 1743 1067 1785 ac
1084 1721 1138 1784 lit

123 1809 201 1873 teris
230 1809 362 1873 nostris,
408 1807 571 1874 Consumo
599 1809 701 1893 igitur
729 1830 823 1873 omne
846 1814 973 1892 tempus
997 1808 1138 1873 conside

122 1917 211 1981 rana,
244 1900 366 1979 quanta
396 1898 446 1961 vis
479 1897 523 1962 sit
550 1897 638 1962 illius
665 1897 741 1982 viri,
773 1918 869 1980 quem
894 1896 1016 1960 nostris
1042 1896 1137 1961 libris

10 2019 11 2034 1
123 1985 201 2048 satis
227 1985 407 2072 diligenter,
434 1988 470 2048 ut
498 1984 561 2049 tibi
583 1985 713 2068 quidem
735 1985 889 2064 videmur,
913 1985 1137 2067 expressimua.

10 2035 12 2132 l
73 2099 74 2104 ¹
122 2073 267 2136 Tenesne
296 2073 413 2159 igitur,
444 2073 677 2137 moderatorem
704 2072 798 2137 illum
825 2074 871 2136 rei
902 2073 1049 2156 publicae
1072 2095 1137 2156 quo

80 2187 109 2226 ao
122 2162 242 2226 referre
268 2161 405 2226 velimus
434 2161 564 2226 omnia?
601 2160 687 2225 Nam
716 2161 761 2225 sio
788 2161 917 2245 quinto,
946 2165 983 2225 ut
1014 2161 1138 2246 opinor,

11 2275 12 2280 ¹
121 2249 156 2312 in
191 2249 277 2313 libro
314 2248 459 2332 loquitur
492 2249 612 2333 Scipio:
659 2248 720 2313 ‘Ut
753 2249 852 2313 enim
883 2248 1137 2333 gubernatori

122 2359 259 2402 cursus
283 2338 485 2424 secundus,
507 2337 651 2401 medico
675 2338 796 2423 salue,
814 2337 1040 2420 imperatori
1061 2337 1139 2401 vie-

121 2425 238 2508 toria,
272 2425 326 2490 sic
357 2425 446 2490 huic
472 2425 707 2490 moderatori
734 2425 791 2489 rei
818 2425 996 2508 publicae
1024 2424 1137 2489 beata

123 2513 267 2577 civium
302 2513 384 2577 vita
419 2514 621 2597 proposita
658 2517 728 2597 est,
764 2517 806 2576 ut
844 2513 980 2596 opibus
1013 2512 1138 2597 firma,

77 2627 107 2668 25
122 2601 247 2684 copiis
274 2600 462 2685 locuples,
489 2601 615 2686 gloria
638 2601 775 2684 ampla,
802 2600 952 2664 virtute
974 2599 1138 2664 honesta

122 2689 182 2753 ait.
229 2689 349 2753 Huius
378 2690 477 2754 enim
504 2689 631 2772 operis
658 2687 812 2751 maximi
839 2689 942 2752 inter
963 2687 1136 2753 homines

123 2780 237 2860 atquc
261 2778 400 2860 optimi
422 2777 532 2841 illum
551 2798 633 2842 esse
652 2777 907 2860 perfectorem
924 2775 1033 2840 volo?
1065 2775 1137 2840 Hoc
1156 2786 1172 2832 2

123 2862 252 2928 Gnaeus
274 2869 385 2929 noster
409 2887 481 2929 cum
504 2869 597 2929 antea
618 2886 800 2948 numquam,
819 2867 890 2927 tum
911 2863 947 2927 in
963 2863 1024 2927 hac
1042 2885 1138 2928 causa

123 2953 255 3017 minime
278 2953 443 3038 cogitavit.
480 2951 668 3017 Dominatio
692 2953 839 3036 quaesita
862 2951 902 3015 ab
922 2955 1060 3034 utroque
1079 2956 1139 3038 est,

78 3067 109 3107 ao
122 3062 189 3104 non
212 3041 245 3105 id
268 3045 385 3126 actum,
408 3040 503 3105 beata
526 3045 558 3104 et
580 3041 716 3105 honesta
739 3041 852 3105 civitas
875 3042 912 3102 ut
936 3044 1028 3103 essct.
1069 3038 1139 3104 Nec

122 3150 197 3193 vero
224 3129 281 3192 ille
309 3130 422 3194 urbem
445 3128 591 3214 reliquit,
619 3129 706 3212 quod
729 3151 799 3193 eam
822 3127 907 3191 tueri
928 3148 996 3192 non
1018 3132 1139 3213 posset,

121 3237 179 3280 nec
201 3214 340 3302 Italiam,
365 3217 451 3302 quod
475 3239 511 3281 ea
533 3217 717 3302 pelleretur,
740 3215 874 3281 sedhoo
892 3215 1033 3300 aprima
1054 3217 1139 3301 cogi·

122 3305 215 3389 tavit,
238 3327 349 3370 omnes
373 3310 486 3390 terrae,
508 3306 616 3370 omnia
634 3307 736 3369 maria
753 3326 891 3389 movere,
913 3324 1005 3388 reges
1025 3304 1139 3368 barba-

122 3413 176 3456 ros
198 3394 346 3480 incitare,
373 3398 484 3478 gentes
506 3395 590 3457 feras
614 3398 752 3458 armatas
775 3393 810 3456 in
828 3391 957 3456 Italiam
976 3392 1139 3474 adducere,

80 3505 108 3546 aa
123 3481 281 3546 exercitus
305 3483 459 3547 conficere
477 3481 642 3546 maximoe.
676 3480 784 3546 Genus
803 3480 884 3543 illud
903 3477 1028 3544 Sullani
1045 3481 1140 3564 regni
