2616 3884
278 163 533 218 EPISTULARUM
551 163 601 218 AD
620 163 782 218 ATTICUM
800 165 851 219 VH
870 171 963 219 9-11.
1059 166 1124 230 205

112 307 212 372 mur?
250 307 464 372 Ohominem
487 311 646 372 amentem
670 312 702 373 et
724 308 887 394 miserum,
915 309 971 392 qui
993 330 1034 372 111
1056 332 1125 373 um-

112 397 210 460 bram
234 396 362 478 quidem
385 419 537 479 umquam
555 405 616 461 τοῦ
634 402 738 462 καλοῦ
756 397 884 461 uiderit!
920 395 1028 480 Atque
1046 397 1124 461 haec

115 485 164 548 ait
192 485 300 548 omnia
326 484 429 548 facere
459 506 493 547 se
516 484 683 568 dignitatis
707 507 809 549 eausa.
854 484 921 550 Ubi
945 489 993 549 est
1017 489 1124 548 autem

115 573 259 657 dignitas
287 572 351 636 nisi
379 572 436 636 ubi
462 572 637 637 honestas?
677 572 860 638 Honestum
883 573 984 658 igitur
1005 573 1124 636 habere

9 724 12 738 s
84 660 293 725 sexercitum
319 661 409 724 nullo
437 661 566 743 publico
592 661 739 746 consilio,
771 683 923 744 occupare
957 661 1053 726 urbes
1083 661 1124 724 ci-

115 749 220 833 vium,
248 770 311 832 quo
333 748 458 813 facilior
482 749 525 812 sit
548 749 653 812 aditus
678 749 716 814 ad
738 750 890 835 patriam,
916 761 1022 836 χρεῶν
1044 748 1124 814 ἀπο-

114 838 230 920 κοπάς,
254 838 415 920 φυγάδων
431 838 611 920 καθόὸονς,
630 842 772 902 sescenta
791 838 854 902 alia
872 837 990 902 scelera
1007 837 1125 922 moliri,
1204 885 1207 888 ,

181 941 258 1024 ‘cclv
279 949 370 1007 θεῶν
393 945 550 1026 μεγίστην
573 939 643 1006 ὥστ’
671 945 758 1025 ἔχειν
780 945 963 1028 τυραννίδα
988 943 1062 1006 -'?

118 1055 190 1120 Sibi
216 1055 335 1120 habeat
363 1077 453 1120 suam
476 1056 652 1120 fortunam!
688 1053 794 1120 Unam
817 1056 996 1121 mehercule
1018 1061 1124 1122 tecum

9 1201 10 1230 ,
73 1171 103 1208 ro
119 1144 349 1228 apricationem
376 1144 411 1208 in
437 1143 494 1207 illo
522 1143 679 1208 lucrativo
707 1148 764 1207 tuo
795 1145 861 1208 sole
888 1145 999 1208 malim
1028 1168 1124 1229 quam

118 1233 226 1296 omnia
247 1232 342 1295 istius
361 1232 449 1296 modi
467 1253 567 1317 regna
584 1233 635 1295 vel
653 1233 762 1316 potius
781 1233 864 1296 mori
881 1234 1008 1298 miliens
1028 1256 1124 1317 quam

117 1319 217 1384 semel
248 1320 343 1384 istius
375 1320 463 1384 modi
495 1320 666 1403 quicquam
692 1322 841 1405 cogitare.
893 1321 1000 1407 ‘Quid
1032 1323 1060 1385 si
1087 1327 1157 1386 tua

116 1407 231 1472 velis?
263 1408 378 1491 inquis.
424 1407 507 1492 Age,
541 1408 613 1491 quis
641 1413 705 1493 est,
731 1409 782 1472 cui
809 1408 890 1472 uelle
919 1431 985 1473 nou
1007 1409 1123 1475 liceat?

23 1557 25 1562 .
118 1495 181 1560 Sed
208 1515 266 1580 ego
293 1496 355 1560 hoc
382 1497 489 1579 ipsum
517 1495 621 1560 ‘velle'
649 1496 796 1560 miserius
825 1518 894 1560 1111
924 1497 1002 1560 duco
1027 1520 1123 1581 quam

76 1609 103 1650 15
118 1585 153 1647 in
185 1605 309 1648 crucem
341 1584 422 1649 tolli.
471 1581 545 1648 Una
571 1605 622 1647 res
650 1588 699 1647 111
726 1606 763 1648 ea
789 1584 950 1668 miserior,
982 1585 1123 1669 adipisci,

118 1672 203 1756 quod
225 1672 273 1735 ita
294 1672 442 1736 volueris.
481 1670 542 1735 Sed
563 1671 642 1735 haec
663 1673 825 1736 hactenus.
862 1670 1015 1736 Libenter
1038 1673 1123 1737 enim

116 1761 152 1824 in
173 1760 225 1823 his
248 1760 405 1823 molestiis
428 1760 610 1845 ἐνσχολάζω
634 1777 695 1825 σοι.

183 1847 361 1911 Redeamus
390 1848 430 1912 ad
456 1851 612 1912 nostrum.
657 1847 718 1911 Per
746 1849 907 1912 fortunas!
945 1847 1038 1931 quale
1061 1848 1157 1911 11113

9 1973 16 1994 .
118 1936 287 2000 consilium
309 1935 442 2019 Pompei
470 1936 617 2000 videtur?
653 1935 715 2000 hoc
743 1957 875 2020 quaero,
902 1935 988 2019 quod
1010 1936 1123 1999 urbem

78 2051 104 2088 ao
118 2024 292 2107 reliquerit.
337 2023 410 2108 Ego
441 2024 526 2087 enim
554 2023 675 2109 ἀπορῶ.
721 2023 804 2087 Tum
832 2024 915 2088 nihil
945 2023 1122 2087 absurdius.

118 2111 239 2176 Urbem
271 2116 308 2175 tu
339 2112 523 2195 relinquas?
560 2133 635 2196 ergo
667 2113 765 2198 idem,
797 2112 825 2175 si
848 2110 934 2176 Galli
956 2112 1123 2175 venirent?

119 2199 206 2264 ‘Non
233 2201 307 2283 est’,
335 2200 455 2284 inquit,
483 2200 529 2263 ‘in
551 2200 728 2283 parictibus
752 2222 802 2263 res
826 2199 975 2283 publica’
1020 2199 1065 2264 At
1088 2199 1124 2263 in

120 2289 181 2351 aris
205 2292 236 2351 et
259 2287 347 2350 focis.
386 2286 485 2351 ‘Fecit
508 2287 759 2352 Themistocles?
795 2287 944 2351 Fluctum
967 2289 1052 2351 enim
1075 2292 1122 2351 to-

120 2377 183 2439 tius
210 2375 377 2439 barbariae
406 2377 488 2439 ferre
515 2375 593 2439 urbs
616 2398 681 2440 una
701 2397 768 2440 non
790 2379 925 2460 poterat.
970 2375 1015 2440 At
1037 2376 1122 2440 idem

80 2488 106 2528 25
120 2463 254 2527 Pericles
280 2464 449 2527 1111111111
476 2485 596 2527 annum
622 2464 687 2528 fere
714 2467 789 2546 post
812 2464 1123 2548 quinquagesimum,

121 2573 189 2615 cum
220 2556 346 2635 praeter
377 2552 504 2615 moenia
529 2551 613 2614 nihil
639 2556 775 2635 teneret3
806 2553 911 2616 nostri
938 2553 1016 2616 olim
1043 2552 1123 2616 urbe

121 2639 241 2723 reliqua
263 2644 355 2722 capta
378 2661 482 2704 arcem
504 2643 613 2703 tamen
634 2641 843 2703 retinuerunt.

121 2745 230 2809 ‘Otium
258 2767 324 2810 που
350 2757 417 2810 τῶν
443 2746 594 2831 πρόσθεν
622 2745 834 2828 ἐπευθόμεθα
860 2743 939 2810 κλέα
968 2744 1121 2830 ἀνδρῶν)

120 2857 241 2923 Rursus
265 2863 372 2923 autem
395 2881 434 2922 111
457 2859 566 2923 dolore
583 2859 769 2942 municipali
789 2858 1053 2943 sermonibusque
1071 2881 1121 2923 1ο-
1141 2876 1156 2924 4

81 2972 109 3012 ao
121 2968 199 3032 rum,
221 2969 302 3030 quos
326 2947 488 3032 conueni0,
510 2948 636 3011 videtur
658 2948 719 3012 hoc
739 2948 908 3012 consilium
928 2947 1049 3011 exitum
1067 2947 1122 3011 ha-

121 3035 268 3099 biturum.
322 3035 406 3099 Mira
436 3035 603 3099 hominum
636 3035 764 3118 querela
798 3040 846 3099 111
881 3033 1005 3122 (nescio
1039 3035 1121 3122 istic,

9 3158 18 3178 ·
121 3123 173 3186 sed
198 3123 310 3210 facies,
340 3128 378 3187 ut
405 3122 522 3210 sciam)
550 3124 618 3187 11111
641 3123 884 3208 magistratibus
907 3122 1020 3186 urbem
1043 3145 1121 3208 esse,

121 3211 185 3277 sine
218 3216 338 3276 senatu.
387 3211 528 3296 Fugiens
561 3212 696 3295 denique
726 3210 897 3294 Pompeius
929 3211 1121 3275 mirabiliter

119 3298 262 3364 homines
295 3305 410 3365 movet.
464 3299 546 3375 Quid
579 3299 729 3383 quaeris?
775 3299 838 3362 alia
869 3321 963 3362 causa
994 3299 1119 3362 factast.

83 3411 107 3452 ac
119 3385 209 3451 Nihil
231 3388 296 3451 iam
319 3388 550 3454 concedendum
573 3391 688 3471 putant
707 3386 842 3452 Caesari.
878 3385 967 3450 Haec
984 3389 1021 3449 tu
1039 3385 1121 3449 mihi

120 3475 239 3559 explica
262 3476 369 3560 qualia
393 3477 466 3541 sint.
