2578 3886
277 141 537 196 EPISTULARUM
556 141 606 206 AD
625 141 789 198 ATTICUM
807 143 859 197 XII
878 149 920 212 21,
942 151 983 200 22.
1076 147 1141 212 369

116 284 237 369 omnia,
265 305 487 384 quaecumque
510 285 619 348 sunt
609 307 645 348 m
668 308 738 350 eam
762 287 1141 388 2222222222222,222221222

117 372 236 458 solum,
267 372 385 472 quoti
376 394 485 455 ipsum
509 377 577 436 2222
563 373 695 437 2222222
703 375 855 525 ,aegroti
878 376 1020 458 accipere
1043 377 1141 440 medi-

118 461 236 545 cinam,
261 460 350 524 sed
341 481 376 524 m
397 482 470 525 mea
493 461 592 525 eliam
616 461 737 545 scripta
760 463 923 547 transtuli,
946 463 1033 546 quod
1056 469 1141 528 22222

118 513 298 613 2211222122
321 549 416 612 fracti
440 549 540 612 animi
563 571 630 613 22222
652 550 723 614 fuit,
765 547 818 614 Ab
841 550 893 614 his
917 573 969 615 me
992 552 1140 617 remediis

89 637 189 704 222212
212 637 248 700 222
270 637 368 701 islam
391 637 523 702 turbam
545 659 670 724 222222,
692 661 733 702 ne
756 639 904 703 recidam.

581 849 683 914 XXII.

323 968 380 1024 22.
395 969 516 1024 Accae
536 970 598 1023 XV
613 970 651 1024 22.
666 947 736 1039 222.
752 988 778 1024 a.
794 974 849 1026 709
870 975 938 1040 (45).

426 1092 573 1148 CICERO
591 1093 738 1150 ATTICO
755 1091 840 1150 SAL.

186 1201 235 1266 De
260 1201 411 1265 Terentia
439 1200 528 1283 quod
556 1201 639 1264 mihi
668 1224 762 1265 omne
787 1223 869 1266 onus
893 1201 1050 1287 imponis,
1075 1222 1176 1268 nonr

58 1314 104 1356 ιιο
118 1311 280 1392 cognosco
309 1293 404 1356 2222222
427 1289 463 1352 222
489 1311 541 1353 me
569 1289 739 1373 indulgent
725 1289 813 1353 2.22222
859 1288 928 1353 1222
956 1291 1042 1353 enim
1065 1295 1142 1354 222222

118 1380 191 1463 2222
214 1378 363 1463 vulnera,
392 1399 474 1461 quae
497 1399 564 1441 non
586 1399 721 1461 possum
743 1381 882 1441 tractare
907 1378 976 1441 sine
999 1379 1141 1442 maximo

118 1467 253 1568 gemitu
303 1465 471 1530 Moderare
500 1465 616 1551 igilur,
648 1487 782 1549 quaeso,
813 1470 852 1529 22
879 1470 981 1549 poles.
1027 1465 1141 1549 Neque

119 1555 207 1619 enim
234 1577 254 1618 a
280 1555 423 1655 222122,
452 1576 550 1654 quam
576 1557 685 1640 22222,
714 1553 855 1637 22222212
901 1553 999 1617 Potes
1023 1559 1079 1617 222
1081 1577 1141 1640 em,

119 1643 199 1744 quid
226 1642 294 1707 2222
323 1642 379 1725 222,
407 1643 588 1725 perspicere
616 1645 654 1705 22
681 1663 772 1705 unus.
819 1641 869 1704 De
891 1640 1017 1705 Rutilia
1041 1663 1141 1724 quon·
1160 1663 1176 1708 2

61 1731 331 1800 ·2222222,22(12222
361 1730 522 1809 dubitare,
551 1729 672 1793 scribes
701 1730 741 1793 ad
768 1751 833 1815 me,
860 1751 934 1793 cum
963 1730 1057 1813 22222,
1086 1729 1141 1793 sed

119 1842 219 1904 quam
250 1819 406 1903 primum,
438 1823 470 1882 22
502 1840 580 1882 num
613 1816 727 1882 Clodia
759 1817 798 1882 D.
831 1817 935 1881 Bruto
969 1817 1142 1900 consulari,

118 1909 187 1972 filio
220 1929 292 1990 suo,
325 1910 455 1971 mortuo
483 1906 608 1970 2222222.
654 1905 693 1968 Id
723 1906 761 1969 de
788 1904 942 1969 Marcello
972 1908 1028 1969 2222
1056 1910 1141 1969 certe

119 1997 159 2061 de
182 1995 352 2060 Postumia
375 1994 450 2059 sciri
473 1998 592 2079 222222,
614 1994 695 2057 illud
719 1998 827 2058 22222222
852 1994 890 2058 de
909 1993 952 2056 M.
968 1991 1066 2057 02222
1085 1998 1141 2056 222

120 2085 159 2148 (12
184 2084 267 2166 Syro
292 2088 348 2147 2222
334 2083 410 2147 222
435 2080 492 2146 Sal
478 2087 560 2166 i.yro

76 2198 105 2239 22
187 2171 237 2236 De
259 2171 345 2235 12222
321 2177 364 2235 222
390 2171 488 2235 etiam
511 2175 608 2272 atquc
632 2171 729 2233 2222222
752 2190 842 2253 rogo.
881 2167 1040 2232 Omnibus
1059 2191 1141 2233 mers
1160 2189 1176 2236 3

120 2281 311 2345 eorumque,
352 2281 434 2343 quos
475 2260 541 2324 2222
573 2258 655 2322 mihi
686 2280 753 2322 non
791 2258 972 2340 (1222222222,
1008 2257 1141 2322 22222122-

120 2350 211 2414 tibus
245 2313 315 2434 (sel
345 2351 458 2431 222222
492 2345 587 2434 meis)
621 2350 687 2410 22222
663 2347 807 2409 tendum
839 2345 920 2408 mihi
953 2349 1010 2410 222
988 2344 1141 2410 2822222

120 2438 233 2522 2222222,
264 2458 346 2520 quae
373 2435 508 2500 vendere
535 2435 629 2498 222212
651 2435 784 2518 possim.
832 2431 894 2498 Sed
918 2438 955 2497 22
978 2455 1045 2498 nou
1066 2455 1142 2498 ven-

120 2526 195 2590 dam
224 2525 317 2608 eique
343 2546 477 2588 usuram
503 2523 655 2608 pendam,
688 2546 706 2586 2
735 2543 798 2605 quo
828 2543 948 2607 emero,
977 2543 1044 2586 non
1067 2522 1141 2604 plus

65 2636 253 2698 2222222222,
276 2635 411 2696 possum
434 2612 576 2696 adsequi,
599 2611 794 2761 (2222212212,
819 2610 846 2672 22
870 2613 907 2672 222
930 2631 981 2674 me
1001 2610 1141 2674 adiuvas.

118 2701 324 2780 Paratissimi
344 2706 420 2765 222222
438 2699 552 2763 Drusi·
545 2699 663 2785 ,222222
683 2698 769 2762 enim
786 2663 933 2762 'vendere
971 2697 1167 2770 Proximos

120 2794 200 2874 pulo
229 2775 372 2874 Lamiae3
406 2788 462 2852 sed
490 2751 590 2852 212222
641 2787 733 2850 rur
735 2808 842 2872 amen,
874 2787 903 2850 22
932 2787 1010 2870 quid
1039 2791 1142 2888 22222,

121 2878 264 2943 odorare.
315 2875 366 2941 Ne
391 2875 490 2941 Silius
519 2875 649 2958 quidem
676 2875 850 2958 quicquam
877 2897 899 2938 u
900 2873 984 2938 222222
1008 2875 1074 2956 222
1101 2875 1159 2937 222

120 2966 230 3030 usuris
257 2966 410 3029 facillime
439 2968 509 3029 susi
512 2968 565 3028 2222
495 2964 636 3027 2221222
622 2967 683 3027 2.22
730 2962 824 3028 Habe
852 2967 947 3027 22222222
973 2967 1073 3046 negot
1073 2963 1143 3025 ium

67 3080 107 3122 ‘oc
120 3076 193 3140 2222,
222 3054 301 3136 quid
323 3076 374 3117 res
398 3075 469 3116 mea
490 3052 659 3116 familiaris
683 3056 758 3136 2222
744 3053 841 3137 222122,
869 3074 968 3135 quam
992 3071 1051 3134 ego
1075 3071 1146 3113 22222

120 3165 208 3230 cure,
232 3141 287 3206 sed
310 3142 388 3224 quid
410 3141 518 3225 velim,
542 3139 698 3206 2222222222.
