2578 3886
256 136 516 191 EPISTULARUM
533 137 583 190 AD
602 137 767 192 ATTICUM
784 137 837 191 XII
857 143 972 192 11-14.
1057 138 1119 202 361

90 281 206 346 minus
236 279 384 345 stimulat
411 303 508 366 quam
534 281 601 346 ista
622 279 802 346 celebritas.
848 281 894 345 Te
916 303 1018 345 unum
1042 280 1122 345 desi-

92 370 190 454 dero;
224 369 279 433 sed
306 369 427 433 litteris
457 390 524 433 non
551 369 716 433 difficilius
744 373 834 455 utor,
862 369 1011 454 quamsi
1034 369 1122 432 domi

95 479 213 522 essem.
259 455 367 521 Ardor
398 460 508 521 tamen
535 456 591 521 ille
619 457 705 522 idem
736 461 831 543 urget
859 461 891 522 et
918 460 1028 521 manet
1055 478 1121 521 non

95 545 283 610 mehercule
301 543 490 630 indulgente
512 567 574 631 me,
596 545 652 610 sed
674 550 785 610 tamen
807 548 1018 630 repugnante.

63 659 79 701 a
167 632 261 709 Quod
293 633 407 697 scribis
440 632 479 697 de
506 632 683 718 Appuleio,
714 633 799 698 nihil
831 637 911 717 puto
938 653 1020 716 opus
1051 650 1156 697 essen

95 727 158 786 tua
184 721 392 786 contentione
418 742 478 785 nee
505 719 610 785 Balbo
639 726 672 785 01
695 719 815 806 Oppio3
844 721 963 804 quibus
992 719 1121 805 quidem

96 810 157 874 ille
183 813 348 893 receperat
378 809 523 894 mihique
547 809 644 874 etiam
667 811 807 874 iusserat
828 808 975 873 nuntiari
998 830 1031 873 se
1054 829 1122 872 mo

96 899 220 962 lestum
250 897 382 962 omnino
408 918 477 960 non
505 897 661 961 futurum.
713 897 776 963 Sed
802 919 894 980 eura,
925 901 963 961 ut
991 916 1122 960 excuser

96 986 209 1050 morbi
236 1007 334 1050 causa
361 985 398 1049 in
420 985 489 1049 dies
514 985 670 1070 singulos.
716 985 840 1050 Laenas
864 984 926 1049 1100
949 988 1121 1070 receperat.

51 1100 82 1139 10
97 1073 226 1139 Prende
259 1072 293 1138 0.
323 1073 532 1158 Septimium,
560 1071 596 1137 L.
625 1071 801 1139 Statilium.
850 1072 1000 1157 Denique
1025 1093 1122 1137 1101110

97 1162 235 1247 negabit
269 1183 303 1226 se
335 1162 533 1245 iuraturum,
567 1161 663 1245 quem
695 1162 830 1247 rogaris.
882 1161 975 1237 Quod
1004 1161 1033 1224 si
1060 1161 1123 1224 erit

98 1251 228 1335 durius,
260 1249 389 1314 veniam
422 1252 454 1313 et
486 1249 556 1333 ipse
588 1253 782 1334 perpetuum
814 1249 966 1315 morbum
997 1248 1122 1314 iurabo.

99 1337 185 1403 (lum
209 1337 295 1402 enim
318 1337 400 1401 mihi
424 1337 597 1402 carendum
621 1338 665 1402 ait
688 1338 859 1422 conviviis,
884 1338 971 1401 malo
994 1336 1029 1400 id
1050 1337 1123 1422 lege

98 1426 205 1491 videri
232 1423 337 1490 facere
364 1447 462 1509 quam
490 1425 610 1490 dolore.
646 1424 826 1490 ¹Cocceium
848 1425 948 1490 velim
971 1426 1122 1508 appelles.

54 1539 82 1582 1⁵
99 1513 195 1590 Quod
223 1514 309 1578 enim
337 1513 478 1598 dixerat,
504 1535 573 1578 non
599 1513 686 1578 facit.
732 1514 806 1599 Ego
837 1517 946 1578 autem
968 1513 1124 1578 1010011-

100 1603 189 1687 quod
212 1623 317 1667 emere
339 1600 515 1666 latibulum
539 1605 573 1666 et
595 1602 782 1687 perfugium
806 1601 928 1666 doloris
951 1601 1023 1664 mei.
1128 1619 1129 1624 ¹

569 1776 657 1841 XIV.
759 1801 761 1822 ¹

282 1897 340 1954 Ser.
357 1900 476 1954 Astraea
499 1898 579 1953 VIII
592 1898 637 1952 Id.
653 1897 741 1952 Mart.
757 1915 782 1952 a.
800 1901 855 1952 709
875 1900 943 1965 (45).

410 2020 557 2077 CICERO
574 2020 721 2076 ATTICO
739 2019 823 2075 SAL.

57 2158 85 2198 ao
169 2127 220 2192 De
246 2151 298 2193 me
321 2129 501 2193 excusando
526 2128 611 2212 apud
634 2127 833 2213 Appuleium
856 2128 1006 2193 dederam
1030 2129 1070 2192 ad
1093 2133 1126 2193 te
1146 2146 1160 2193 1

100 2217 207 2302 pridie
230 2217 367 2282 litteras.
403 2217 498 2282 Nihil
517 2216 585 2282 esse
604 2217 730 2302 negotii
749 2217 899 2281 arbitror.
937 2216 1126 2292 Quemcum-

102 2327 166 2390 que
189 2305 372 2391 appellaris,
393 2326 489 2370 nemo
512 2305 654 2390 negabit.
697 2303 761 2370 Sed
784 2302 979 2388 Septimium
1002 2304 1126 2369 videet

101 2393 278 2458 Laenatem
309 2397 341 2457 et
370 2391 551 2477 Statilium3
582 2393 689 2458 tribus
723 2393 808 2457 enim
842 2414 923 2477 opus
951 2396 1008 2456 est.
1063 2391 1126 2457 Sed

102 2482 184 2546 milri
207 2481 332 2546 Laenas
355 2485 464 2546 totum
487 2485 659 2564 receperat.
1120 2551 1121 2554 Ἴ

59 2595 88 2637 aa
172 2567 265 2644 Quod
289 2569 404 2634 scribis
428 2592 447 2634 a
464 2568 559 2633 Iunio
578 2573 612 2632 te
631 2570 839 2654 appellatum,
862 2569 994 2634 omnino
1015 2567 1161 2634 Cerni-a

103 2657 199 2721 ficiun
232 2657 376 2740 locuples
410 2660 473 2742 est3
511 2657 566 2721 sed
598 2662 707 2721 tamen
740 2657 822 2721 scire
851 2657 964 2744 velim,
997 2658 1126 2741 quando

104 2746 194 2810 dicar
217 2746 430 2829 spopondisse
454 2749 487 2809 et
509 2767 569 2829 pro
592 2750 685 2829 patre
708 2767 791 2809 anne
813 2767 873 2830 pro
896 2745 974 2810 filie.
1012 2744 1127 2830 Neque

105 2856 142 2898 οο
166 2833 289 2919 minus,
316 2837 354 2898 ut
378 2833 506 2918 scribis,
534 2838 759 2918 procuratores
784 2831 939 2898 Cornifiei
961 2838 994 2897 et
1016 2832 1128 2918 Appu-

104 2922 204 2986 leium
227 2922 465 3005 praediatorem
487 2921 620 2987 videbis.

63 3019 105 3077 ao
172 3008 266 3085 Quod
294 3031 347 3074 me
380 3010 420 3074 ab
452 3010 515 3074 hoc
544 3032 690 3074 maerore
721 3011 860 3075 recreari
886 3010 950 3095 vis,
981 3009 1062 3074 facis
1090 3015 1163 3074 uta

105 3098 229 3182 omnia3
252 3098 308 3162 sed
330 3120 382 3162 me
405 3098 488 3164 mihi
509 3120 578 3163 non
600 3098 740 3163 defuisse
763 3101 801 3162 tu
824 3098 920 3162 testis
944 3119 986 3162 es.
1032 3095 1128 3161 Nihil

106 3187 193 3251 enim
215 3185 255 3250 de
275 3208 420 3251 maerore
438 3186 613 3252 minuendo
633 3187 791 3270 scriptum
810 3186 850 3249 ab
870 3186 938 3250 ullo
958 3188 1017 3270 est,
1041 3185 1128 3267 quod

105 3295 166 3360 ego
193 3295 262 3338 non
289 3275 376 3339 domi
403 3279 479 3339 tuae
506 3275 649 3360 legerim.
696 3271 759 3338 Sed
783 3296 911 3339 omnem
935 3272 1129 3337 consolatio-

103 3384 180 3427 nem
202 3362 304 3426 vincit
327 3363 427 3427 dolor.
465 3361 551 3438 Quin
573 3363 672 3427 etiam
697 3363 759 3426 feci
782 3362 870 3446 quod
888 3361 1033 3445 profecto
1053 3364 1129 3424 ante

68 3475 92 3516 aa
105 3473 157 3514 me
186 3471 297 3536 nemo,
326 3454 363 3514 ut
387 3450 458 3534 ipse
480 3473 532 3515 me
555 3472 613 3534 per
635 3451 763 3514 litteras
787 3449 978 3514 consolarer.
1026 3448 1129 3524 Quem
