<?xml version="1.0" encoding="UTF-8"?>
<!DOCTYPE html PUBLIC "-//W3C//DTD XHTML 1.0 Transitional//EN"
    "http://www.w3.org/TR/xhtml1/DTD/xhtml1-transitional.dtd">
<html xmlns="http://www.w3.org/1999/xhtml" xml:lang="en" lang="en">
 <head>
  <title>
</title>
<meta http-equiv="Content-Type" content="text/html;charset=utf-8" />
  <meta name='ocr-system' content='tesseract 3.04.00' />
  <meta name='ocr-capabilities' content='ocr_page ocr_carea ocr_par ocr_line ocrx_word'/>
</head>
<body>
  <div class='ocr_page' id='page_1' title='image "./scriptaquaemans00mullgoog_0198.png"; bbox 0 0 2568 3888; ppageno 0'>
   <div class='ocr_carea' id='block_1_1' title="bbox 270 127 1083 192">
    <p class='ocr_par' dir='ltr' id='par_1_1' title="bbox 270 127 1083 192">
     <span class='ocr_line' id='line_1_1' title="bbox 270 127 1083 192; baseline 0 -11"><span class='ocrx_word' id='word_1_1' title='bbox 270 127 531 183; x_wconf 82' lang='lat' dir='ltr'><strong>EPISTULARUM</strong></span> <span class='ocrx_word' id='word_1_2' title='bbox 549 127 599 182; x_wconf 89' lang='lat' dir='ltr'>AD</span> <span class='ocrx_word' id='word_1_3' title='bbox 618 127 783 182; x_wconf 83' lang='lat' dir='ltr'>ATTICUM</span> <span class='ocrx_word' id='word_1_4' title='bbox 801 127 814 180; x_wconf 95' lang='lat' dir='ltr'>I</span> <span class='ocrx_word' id='word_1_5' title='bbox 834 133 875 182; x_wconf 83' lang='lat'>19.</span> <span class='ocrx_word' id='word_1_6' title='bbox 1039 127 1083 192; x_wconf 81' lang='lat'>33</span> 
     </span>
    </p>
   </div>
   <div class='ocr_carea' id='block_1_2' title="bbox 44 269 1124 3604">
    <p class='ocr_par' dir='ltr' id='par_1_2' title="bbox 44 269 1124 3604">
     <span class='ocr_line' id='line_1_2' title="bbox 70 269 1085 357; baseline 0.002 -25"><span class='ocrx_word' id='word_1_7' title='bbox 70 269 117 332; x_wconf 89' lang='lat' dir='ltr'>illa</span> <span class='ocrx_word' id='word_1_8' title='bbox 141 269 317 357; x_wconf 88' lang='lat' dir='ltr'>tollebam,</span> <span class='ocrx_word' id='word_1_9' title='bbox 344 292 426 355; x_wconf 86' lang='lat' dir='ltr'>quae</span> <span class='ocrx_word' id='word_1_10' title='bbox 454 271 494 335; x_wconf 89' lang='lat' dir='ltr'>ad</span> <span class='ocrx_word' id='word_1_11' title='bbox 521 271 723 354; x_wconf 86' lang='lat' dir='ltr'>privatorum</span> <span class='ocrx_word' id='word_1_12' title='bbox 751 270 990 335; x_wconf 88' lang='lat' dir='ltr'>incommodum</span> <span class='ocrx_word' id='word_1_13' title='bbox 1013 292 1085 354; x_wconf 91' lang='lat' dir='ltr'>per-</span> 
     </span>
     <span class='ocr_line' id='line_1_3' title="bbox 70 356 1084 445; baseline 0.003 -25"><span class='ocrx_word' id='word_1_14' title='bbox 70 356 213 443; x_wconf 88' lang='lat' dir='ltr'>tinebant,</span> <span class='ocrx_word' id='word_1_15' title='bbox 236 358 421 423; x_wconf 82' lang='lat' dir='ltr'>liberabam</span> <span class='ocrx_word' id='word_1_16' title='bbox 445 380 559 444; x_wconf 89' lang='lat' dir='ltr'>agrum</span> <span class='ocrx_word' id='word_1_17' title='bbox 582 381 665 444; x_wconf 91' lang='lat' dir='ltr'>eum,</span> <span class='ocrx_word' id='word_1_18' title='bbox 689 358 745 442; x_wconf 90' lang='lat' dir='ltr'>qui</span> <span class='ocrx_word' id='word_1_19' title='bbox 763 357 798 422; x_wconf 92' lang='lat' dir='ltr'>P.</span> <span class='ocrx_word' id='word_1_20' title='bbox 816 357 936 445; x_wconf 90' lang='lat' dir='ltr'>Mucio,</span> <span class='ocrx_word' id='word_1_21' title='bbox 957 357 992 422; x_wconf 87' lang='lat' dir='ltr'>L.</span> <span class='ocrx_word' id='word_1_22' title='bbox 1013 357 1084 423; x_wconf 74' lang='lat' dir='ltr'>oal-</span> 
     </span>
     <span class='ocr_line' id='line_1_4' title="bbox 69 444 1085 531; baseline 0.002 -23"><span class='ocrx_word' id='word_1_23' title='bbox 69 445 171 528; x_wconf 92' lang='lat' dir='ltr'>purnio</span> <span class='ocrx_word' id='word_1_24' title='bbox 196 447 391 511; x_wconf 87' lang='lat' dir='ltr'>consulibus</span> <span class='ocrx_word' id='word_1_25' title='bbox 414 447 564 531; x_wconf 90' lang='lat' dir='ltr'>publicus</span> <span class='ocrx_word' id='word_1_26' title='bbox 592 447 722 531; x_wconf 87' lang='lat' dir='ltr'>fuisset,</span> <span class='ocrx_word' id='word_1_27' title='bbox 751 444 958 510; x_wconf 82' lang='lat' dir='ltr'>Sullanorum</span> <span class='ocrx_word' id='word_1_28' title='bbox 980 445 1085 510; x_wconf 91' lang='lat' dir='ltr'>homi·</span> 
     </span>
     <span class='ocr_line' id='line_1_5' title="bbox 69 533 1084 620; baseline 0.004 -24"><span class='ocrx_word' id='word_1_29' title='bbox 69 554 137 597; x_wconf 89' lang='lat' dir='ltr'>uum</span> <span class='ocrx_word' id='word_1_30' title='bbox 157 535 387 618; x_wconf 88' lang='lat' dir='ltr'>possessiones</span> <span class='ocrx_word' id='word_1_31' title='bbox 410 535 655 620; x_wconf 88' lang='lat' dir='ltr'>confirmabam,</span> <span class='ocrx_word' id='word_1_32' title='bbox 677 533 910 599; x_wconf 72' lang='lat' dir='ltr'>Volaterranos</span> <span class='ocrx_word' id='word_1_33' title='bbox 934 538 966 598; x_wconf 91' lang='lat' dir='ltr'>ct</span> <span class='ocrx_word' id='word_1_34' title='bbox 988 533 1084 600; x_wconf 85' lang='lat' dir='ltr'>Arre·</span> 
     </span>
     <span class='ocr_line' id='line_1_6' title="bbox 49 620 1081 708; baseline 0.002 -24"><span class='ocrx_word' id='word_1_35' title='bbox 49 620 155 706; x_wconf 79' lang='grc'>111101,</span> <span class='ocrx_word' id='word_1_36' title='bbox 177 643 324 706; x_wconf 88' lang='lat' dir='ltr'>quorum</span> <span class='ocrx_word' id='word_1_37' title='bbox 347 642 461 708; x_wconf 83' lang='lat' dir='ltr'>agrum</span> <span class='ocrx_word' id='word_1_38' title='bbox 481 623 572 688; x_wconf 86' lang='lat' dir='ltr'>Sulla</span> <span class='ocrx_word' id='word_1_39' title='bbox 593 623 775 706; x_wconf 90' lang='lat' dir='ltr'>publicarat</span> <span class='ocrx_word' id='word_1_40' title='bbox 795 643 900 706; x_wconf 88' lang='lat' dir='ltr'>neque</span> <span class='ocrx_word' id='word_1_41' title='bbox 919 621 1081 707; x_wconf 82' lang='lat' dir='ltr'>diviserat,</span> 
     </span>
     <span class='ocr_line' id='line_1_7' title="bbox 70 708 1085 796; baseline 0.004 -26"><span class='ocrx_word' id='word_1_42' title='bbox 70 708 98 770; x_wconf 91' lang='lat' dir='ltr'>in</span> <span class='ocrx_word' id='word_1_43' title='bbox 129 731 186 773; x_wconf 87' lang='lat' dir='ltr'>sua</span> <span class='ocrx_word' id='word_1_44' title='bbox 222 712 433 796; x_wconf 80' lang='lat' dir='ltr'>possessione</span> <span class='ocrx_word' id='word_1_45' title='bbox 464 711 657 795; x_wconf 71' lang='lat' dir='ltr'>retinebam,</span> <span class='ocrx_word' id='word_1_46' title='bbox 693 732 793 775; x_wconf 88' lang='lat' dir='ltr'>unam</span> <span class='ocrx_word' id='word_1_47' title='bbox 825 711 985 776; x_wconf 85' lang='lat' dir='ltr'>rationem</span> <span class='ocrx_word' id='word_1_48' title='bbox 1016 731 1085 774; x_wconf 96' lang='lat' dir='ltr'>non</span> 
     </span>
     <span class='ocr_line' id='line_1_8' title="bbox 71 796 1085 884; baseline 0.005 -27"><span class='ocrx_word' id='word_1_49' title='bbox 71 796 243 883; x_wconf 87' lang='lat' dir='ltr'>reiciebam,</span> <span class='ocrx_word' id='word_1_50' title='bbox 278 802 318 863; x_wconf 91' lang='lat' dir='ltr'>ut</span> <span class='ocrx_word' id='word_1_51' title='bbox 348 820 425 884; x_wconf 90' lang='lat' dir='ltr'>ager</span> <span class='ocrx_word' id='word_1_52' title='bbox 451 798 512 864; x_wconf 92' lang='lat' dir='ltr'>hac</span> <span class='ocrx_word' id='word_1_53' title='bbox 539 799 718 864; x_wconf 84' lang='lat' dir='ltr'>adventicia</span> <span class='ocrx_word' id='word_1_54' title='bbox 747 799 883 882; x_wconf 88' lang='lat' dir='ltr'>pecunia</span> <span class='ocrx_word' id='word_1_55' title='bbox 915 802 1085 883; x_wconf 91' lang='lat' dir='ltr'>emeretur,</span> 
     </span>
     <span class='ocr_line' id='line_1_9' title="bbox 72 887 1085 1060; baseline 0.004 -26"><span class='ocrx_word' id='word_1_56' title='bbox 72 905 141 1035; x_wconf 62' lang='lat'>{³35⁰</span> <span class='ocrx_word' id='word_1_57' title='bbox 163 887 856 1060; x_wconf 54' lang='lat' dir='ltr'>tudtttttttbttttttttt?</span> <span class='ocrx_word' id='word_1_58' title='bbox 854 887 1085 1040; x_wconf 52' lang='grc'>1111111</span> 
     </span>
     <span class='ocr_line' id='line_1_10' title="bbox 44 1061 1084 1148; baseline 0.007 -27"><span class='ocrx_word' id='word_1_59' title='bbox 44 1061 228 1144; x_wconf 77' lang='lat' dir='ltr'>aruspicans</span> <span class='ocrx_word' id='word_1_60' title='bbox 252 1063 411 1147; x_wconf 92' lang='lat' dir='ltr'>Pompeio</span> <span class='ocrx_word' id='word_1_61' title='bbox 434 1085 552 1128; x_wconf 85' lang='lat' dir='ltr'>novam</span> <span class='ocrx_word' id='word_1_62' title='bbox 576 1063 737 1147; x_wconf 84' lang='lat' dir='ltr'>quandam</span> <span class='ocrx_word' id='word_1_63' title='bbox 759 1064 941 1147; x_wconf 91' lang='lat' dir='ltr'>potentiam</span> <span class='ocrx_word' id='word_1_64' title='bbox 960 1062 1084 1148; x_wconf 70' lang='lat' dir='ltr'>quaeri,</span> 
     </span>
     <span class='ocr_line' id='line_1_11' title="bbox 72 1145 1085 1237; baseline 0.006 -28"><span class='ocrx_word' id='word_1_65' title='bbox 72 1145 234 1232; x_wconf 89' lang='lat' dir='ltr'>Pompeius</span> <span class='ocrx_word' id='word_1_66' title='bbox 269 1174 347 1216; x_wconf 82' lang='lat' dir='ltr'>vero</span> <span class='ocrx_word' id='word_1_67' title='bbox 380 1151 420 1215; x_wconf 85' lang='lat' dir='ltr'>ad</span> <span class='ocrx_word' id='word_1_68' title='bbox 451 1152 653 1217; x_wconf 87' lang='lat' dir='ltr'>voluntatem</span> <span class='ocrx_word' id='word_1_69' title='bbox 687 1152 892 1236; x_wconf 81' lang='lat' dir='ltr'>perferendae</span> <span class='ocrx_word' id='word_1_70' title='bbox 923 1151 1006 1237; x_wconf 89' lang='lat' dir='ltr'>legis</span> <span class='ocrx_word' id='word_1_71' title='bbox 1037 1151 1085 1215; x_wconf 94' lang='lat' dir='ltr'>in·</span> 
     </span>
     <span class='ocr_line' id='line_1_12' title="bbox 74 1235 1086 1326; baseline 0.007 -29"><span class='ocrx_word' id='word_1_72' title='bbox 74 1235 223 1303; x_wconf 87' lang='lat' dir='ltr'>cubuerat.</span> <span class='ocrx_word' id='word_1_73' title='bbox 272 1239 346 1325; x_wconf 81' lang='lat' dir='ltr'>Ego</span> <span class='ocrx_word' id='word_1_74' title='bbox 375 1244 483 1304; x_wconf 89' lang='lat' dir='ltr'>antem</span> <span class='ocrx_word' id='word_1_75' title='bbox 511 1261 630 1325; x_wconf 84' lang='lat' dir='ltr'>magna</span> <span class='ocrx_word' id='word_1_76' title='bbox 657 1261 731 1304; x_wconf 91' lang='lat' dir='ltr'>cum</span> <span class='ocrx_word' id='word_1_77' title='bbox 754 1241 956 1324; x_wconf 80' lang='lat' dir='ltr'>agrariorum</span> <span class='ocrx_word' id='word_1_78' title='bbox 979 1239 1086 1326; x_wconf 85' lang='lat' dir='ltr'>gratia</span> 
     </span>
     <span class='ocr_line' id='line_1_13' title="bbox 75 1325 1085 1413; baseline 0.007 -28"><span class='ocrx_word' id='word_1_79' title='bbox 75 1325 295 1392; x_wconf 83' lang='lat' dir='ltr'>confirmabam</span> <span class='ocrx_word' id='word_1_80' title='bbox 311 1328 455 1392; x_wconf 89' lang='lat' dir='ltr'>omnium</span> <span class='ocrx_word' id='word_1_81' title='bbox 473 1328 677 1412; x_wconf 87' lang='lat' dir='ltr'>privatorum</span> <span class='ocrx_word' id='word_1_82' title='bbox 694 1329 932 1413; x_wconf 60' lang='lat' dir='ltr'>possessionem</span> <span class='ocrx_word' id='word_1_83' title='bbox 949 1328 978 1392; x_wconf 90' lang='lat' dir='ltr'>is</span> <span class='ocrx_word' id='word_1_84' title='bbox 998 1328 1085 1393; x_wconf 89' lang='lat' dir='ltr'>enirn</span> 
     </span>
     <span class='ocr_line' id='line_1_14' title="bbox 77 1415 1085 1501; baseline 0.009 -29"><span class='ocrx_word' id='word_1_85' title='bbox 77 1415 118 1474; x_wconf 87' lang='lat' dir='ltr'>est</span> <span class='ocrx_word' id='word_1_86' title='bbox 136 1418 249 1480; x_wconf 88' lang='lat' dir='ltr'>noster</span> <span class='ocrx_word' id='word_1_87' title='bbox 273 1416 448 1501; x_wconf 87' lang='lat' dir='ltr'>exercitus,</span> <span class='ocrx_word' id='word_1_88' title='bbox 474 1415 658 1501; x_wconf 91' lang='lat' dir='ltr'>hominum,</span> <span class='ocrx_word' id='word_1_89' title='bbox 683 1416 917 1500; x_wconf 87' lang='grc'>1111111111,</span> <span class='ocrx_word' id='word_1_90' title='bbox 945 1416 1085 1499; x_wconf 89' lang='lat' dir='ltr'>locuple·</span> 
     </span>
     <span class='ocr_line' id='line_1_15' title="bbox 49 1498 1086 1591; baseline 0.01 -33"><span class='ocrx_word' id='word_1_91' title='bbox 49 1498 159 1585; x_wconf 69' lang='lat' dir='ltr'>stium,</span> <span class='ocrx_word' id='word_1_92' title='bbox 185 1505 310 1588; x_wconf 89' lang='lat' dir='ltr'>populo</span> <span class='ocrx_word' id='word_1_93' title='bbox 338 1508 448 1568; x_wconf 90' lang='lat' dir='ltr'>autem</span> <span class='ocrx_word' id='word_1_94' title='bbox 475 1510 505 1570; x_wconf 89' lang='lat' dir='ltr'>et</span> <span class='ocrx_word' id='word_1_95' title='bbox 524 1503 679 1588; x_wconf 90' lang='lat' dir='ltr'>Pompeio</span> <span class='ocrx_word' id='word_1_96' title='bbox 707 1502 798 1591; x_wconf 90' lang='lat' dir='ltr'>(nam</span> <span class='ocrx_word' id='word_1_97' title='bbox 822 1504 857 1567; x_wconf 92' lang='lat' dir='ltr'>id</span> <span class='ocrx_word' id='word_1_98' title='bbox 880 1524 1008 1587; x_wconf 88' lang='lat' dir='ltr'>quoque</span> <span class='ocrx_word' id='word_1_99' title='bbox 1031 1525 1086 1568; x_wconf 83' lang='lat' dir='ltr'>vo·</span> 
     </span>
     <span class='ocr_line' id='line_1_16' title="bbox 78 1585 1086 1677; baseline 0.008 -29"><span class='ocrx_word' id='word_1_100' title='bbox 78 1585 184 1676; x_wconf 82' lang='lat' dir='ltr'>lebam)</span> <span class='ocrx_word' id='word_1_101' title='bbox 214 1593 297 1657; x_wconf 87' lang='lat' dir='ltr'>satis</span> <span class='ocrx_word' id='word_1_102' title='bbox 324 1593 481 1657; x_wconf 82' lang='lat' dir='ltr'>faciebam</span> <span class='ocrx_word' id='word_1_103' title='bbox 509 1592 686 1677; x_wconf 75' lang='lat' dir='ltr'>emptione,</span> <span class='ocrx_word' id='word_1_104' title='bbox 716 1613 780 1676; x_wconf 88' lang='lat' dir='ltr'>qua</span> <span class='ocrx_word' id='word_1_105' title='bbox 809 1592 988 1666; x_wconf 83' lang='lat' dir='ltr'>constituta</span> <span class='ocrx_word' id='word_1_106' title='bbox 1015 1591 1086 1656; x_wconf 85' lang='lat' dir='ltr'>dili·</span> 
     </span>
     <span class='ocr_line' id='line_1_17' title="bbox 79 1678 1085 1756; baseline 0.005 -19"><span class='ocrx_word' id='word_1_107' title='bbox 79 1679 177 1756; x_wconf 89' lang='lat' dir='ltr'>genter</span> <span class='ocrx_word' id='word_1_108' title='bbox 191 1683 225 1744; x_wconf 86' lang='lat' dir='ltr'>et</span> <span class='ocrx_word' id='word_1_109' title='bbox 240 1680 404 1746; x_wconf 74' lang='lat' dir='ltr'>sentinam</span> <span class='ocrx_word' id='word_1_110' title='bbox 418 1680 509 1745; x_wconf 88' lang='lat' dir='ltr'>urbis</span> <span class='ocrx_word' id='word_1_111' title='bbox 523 1680 686 1745; x_wconf 87' lang='lat' dir='ltr'>exhauriri</span> <span class='ocrx_word' id='word_1_112' title='bbox 700 1684 733 1745; x_wconf 90' lang='lat' dir='ltr'>et</span> <span class='ocrx_word' id='word_1_113' title='bbox 745 1679 861 1744; x_wconf 86' lang='lat' dir='ltr'>ltaliae</span> <span class='ocrx_word' id='word_1_114' title='bbox 875 1678 1085 1743; x_wconf 89' lang='lat' dir='ltr'>solitudinem</span> 
     </span>
     <span class='ocr_line' id='line_1_18' title="bbox 79 1761 1087 1852; baseline 0.005 -28"><span class='ocrx_word' id='word_1_115' title='bbox 79 1761 264 1846; x_wconf 80' lang='lat' dir='ltr'>frequentari</span> <span class='ocrx_word' id='word_1_116' title='bbox 287 1790 383 1852; x_wconf 89' lang='lat' dir='ltr'>posse</span> <span class='ocrx_word' id='word_1_117' title='bbox 407 1768 596 1833; x_wconf 90' lang='lat' dir='ltr'>arbitrabar.</span> <span class='ocrx_word' id='word_1_118' title='bbox 635 1766 698 1832; x_wconf 83' lang='lat' dir='ltr'>Sed</span> <span class='ocrx_word' id='word_1_119' title='bbox 719 1767 799 1831; x_wconf 89' lang='lat' dir='ltr'>haec</span> <span class='ocrx_word' id='word_1_120' title='bbox 821 1769 892 1832; x_wconf 87' lang='lat' dir='ltr'>tota</span> <span class='ocrx_word' id='word_1_121' title='bbox 915 1788 966 1831; x_wconf 88' lang='lat' dir='ltr'>res</span> <span class='ocrx_word' id='word_1_122' title='bbox 988 1766 1087 1830; x_wconf 91' lang='lat' dir='ltr'>inter·</span> 
     </span>
     <span class='ocr_line' id='line_1_19' title="bbox 80 1850 1086 1930; baseline 0.004 -17"><span class='ocrx_word' id='word_1_123' title='bbox 80 1850 185 1930; x_wconf 85' lang='lat' dir='ltr'>pellata</span> <span class='ocrx_word' id='word_1_124' title='bbox 203 1855 292 1921; x_wconf 90' lang='lat' dir='ltr'>bello</span> <span class='ocrx_word' id='word_1_125' title='bbox 310 1856 488 1921; x_wconf 79' lang='lat' dir='ltr'>refrixerat.</span> <span class='ocrx_word' id='word_1_126' title='bbox 519 1855 670 1920; x_wconf 87' lang='lat' dir='ltr'>Metellus</span> <span class='ocrx_word' id='word_1_127' title='bbox 690 1859 740 1921; x_wconf 90' lang='lat' dir='ltr'>est</span> <span class='ocrx_word' id='word_1_128' title='bbox 759 1855 872 1919; x_wconf 90' lang='lat' dir='ltr'>consul</span> <span class='ocrx_word' id='word_1_129' title='bbox 886 1876 962 1919; x_wconf 88' lang='lat' dir='ltr'>sane</span> <span class='ocrx_word' id='word_1_130' title='bbox 980 1853 1086 1919; x_wconf 89' lang='lat' dir='ltr'>bonus</span> 
     </span>
     <span class='ocr_line' id='line_1_20' title="bbox 54 1940 1087 2030; baseline 0.008 -33"><span class='ocrx_word' id='word_1_131' title='bbox 54 1940 185 2006; x_wconf 83' lang='grc'>1111101</span> <span class='ocrx_word' id='word_1_132' title='bbox 213 1944 389 2009; x_wconf 80' lang='lat' dir='ltr'>admodum</span> <span class='ocrx_word' id='word_1_133' title='bbox 415 1945 535 2030; x_wconf 80' lang='lat' dir='ltr'>diligit3</span> <span class='ocrx_word' id='word_1_134' title='bbox 569 1945 624 2009; x_wconf 91' lang='lat' dir='ltr'>ille</span> <span class='ocrx_word' id='word_1_135' title='bbox 655 1944 738 2009; x_wconf 88' lang='lat' dir='ltr'>alter</span> <span class='ocrx_word' id='word_1_136' title='bbox 768 1943 853 2006; x_wconf 89' lang='lat' dir='ltr'>nibil</span> <span class='ocrx_word' id='word_1_137' title='bbox 879 1942 928 2006; x_wconf 89' lang='lat' dir='ltr'>ita</span> <span class='ocrx_word' id='word_1_138' title='bbox 955 1946 1018 2028; x_wconf 90' lang='lat' dir='ltr'>est,</span> <span class='ocrx_word' id='word_1_139' title='bbox 1049 1946 1087 2005; x_wconf 86' lang='lat' dir='ltr'>ut</span> 
     </span>
     <span class='ocr_line' id='line_1_21' title="bbox 80 2024 1124 2118; baseline 0.001 -26"><span class='ocrx_word' id='word_1_140' title='bbox 80 2024 171 2114; x_wconf 75' lang='lat' dir='ltr'>plane,</span> <span class='ocrx_word' id='word_1_141' title='bbox 192 2033 273 2115; x_wconf 93' lang='lat' dir='ltr'>quid</span> <span class='ocrx_word' id='word_1_142' title='bbox 296 2033 420 2118; x_wconf 86' lang='lat' dir='ltr'>emerit,</span> <span class='ocrx_word' id='word_1_143' title='bbox 444 2033 575 2097; x_wconf 87' lang='lat' dir='ltr'>nesciat.</span> <span class='ocrx_word' id='word_1_144' title='bbox 620 2030 710 2096; x_wconf 89' lang='lat' dir='ltr'>Haec</span> <span class='ocrx_word' id='word_1_145' title='bbox 733 2035 810 2096; x_wconf 89' lang='lat' dir='ltr'>sunt</span> <span class='ocrx_word' id='word_1_146' title='bbox 832 2031 924 2096; x_wconf 91' lang='lat' dir='ltr'>inre</span> <span class='ocrx_word' id='word_1_147' title='bbox 948 2029 1124 2114; x_wconf 64' lang='lat' dir='ltr'>publicat</span> 
     </span>
     <span class='ocr_line' id='line_1_22' title="bbox 82 2112 1088 2205; baseline 0.005 -28"><span class='ocrx_word' id='word_1_148' title='bbox 82 2112 135 2177; x_wconf 86' lang='lat' dir='ltr'>uisi</span> <span class='ocrx_word' id='word_1_149' title='bbox 164 2119 262 2186; x_wconf 85' lang='lat' dir='ltr'>etiam</span> <span class='ocrx_word' id='word_1_150' title='bbox 294 2120 376 2185; x_wconf 91' lang='lat' dir='ltr'>illud</span> <span class='ocrx_word' id='word_1_151' title='bbox 408 2121 449 2185; x_wconf 88' lang='lat' dir='ltr'>ad</span> <span class='ocrx_word' id='word_1_152' title='bbox 481 2143 550 2186; x_wconf 92' lang='lat' dir='ltr'>rem</span> <span class='ocrx_word' id='word_1_153' title='bbox 583 2120 747 2205; x_wconf 89' lang='lat' dir='ltr'>publicam</span> <span class='ocrx_word' id='word_1_154' title='bbox 783 2123 879 2203; x_wconf 85' lang='lat' dir='ltr'>putas</span> <span class='ocrx_word' id='word_1_155' title='bbox 916 2119 1088 2203; x_wconf 87' lang='lat' dir='ltr'>pertinere,</span> 
     </span>
     <span class='ocr_line' id='line_1_23' title="bbox 82 2196 1087 2294; baseline 0.002 -26"><span class='ocrx_word' id='word_1_156' title='bbox 82 2196 269 2274; x_wconf 86' lang='lat' dir='ltr'>Herennium</span> <span class='ocrx_word' id='word_1_157' title='bbox 288 2209 458 2294; x_wconf 89' lang='lat' dir='ltr'>quendam,</span> <span class='ocrx_word' id='word_1_158' title='bbox 475 2209 645 2273; x_wconf 89' lang='lat' dir='ltr'>tribunum</span> <span class='ocrx_word' id='word_1_159' title='bbox 662 2208 716 2293; x_wconf 88' lang='lat' dir='ltr'>pl,</span> <span class='ocrx_word' id='word_1_160' title='bbox 734 2207 889 2272; x_wconf 90' lang='lat' dir='ltr'>tribulem</span> <span class='ocrx_word' id='word_1_161' title='bbox 903 2211 997 2271; x_wconf 91' lang='lat' dir='ltr'>tuum</span> <span class='ocrx_word' id='word_1_162' title='bbox 1011 2227 1087 2271; x_wconf 88' lang='lat' dir='ltr'>sane</span> 
     </span>
     <span class='ocr_line' id='line_1_24' title="bbox 82 2284 1086 2382; baseline 0.001 -24"><span class='ocrx_word' id='word_1_163' title='bbox 82 2284 231 2361; x_wconf 79' lang='lat' dir='ltr'>hominem</span> <span class='ocrx_word' id='word_1_164' title='bbox 244 2318 385 2380; x_wconf 87' lang='lat' dir='ltr'>nequam</span> <span class='ocrx_word' id='word_1_165' title='bbox 399 2300 496 2381; x_wconf 88' lang='lat' dir='ltr'>atque</span> <span class='ocrx_word' id='word_1_166' title='bbox 511 2300 668 2382; x_wconf 81' lang='lat' dir='ltr'>egentem,</span> <span class='ocrx_word' id='word_1_167' title='bbox 683 2317 777 2379; x_wconf 90' lang='lat' dir='ltr'>saepe</span> <span class='ocrx_word' id='word_1_168' title='bbox 791 2296 857 2359; x_wconf 85' lang='lat' dir='ltr'>iam</span> <span class='ocrx_word' id='word_1_169' title='bbox 871 2296 909 2360; x_wconf 88' lang='lat' dir='ltr'>de</span> <span class='ocrx_word' id='word_1_170' title='bbox 922 2293 957 2358; x_wconf 90' lang='lat' dir='ltr'>P.</span> <span class='ocrx_word' id='word_1_171' title='bbox 973 2293 1086 2359; x_wconf 81' lang='lat' dir='ltr'>Clodio</span> 
     </span>
     <span class='ocr_line' id='line_1_25' title="bbox 56 2375 1088 2470; baseline 0.012 -36"><span class='ocrx_word' id='word_1_172' title='bbox 56 2375 116 2438; x_wconf 77' lang='lat' dir='ltr'>aad</span> <span class='ocrx_word' id='word_1_173' title='bbox 135 2381 258 2463; x_wconf 92' lang='lat' dir='ltr'>plebem</span> <span class='ocrx_word' id='word_1_174' title='bbox 281 2384 477 2450; x_wconf 89' lang='lat' dir='ltr'>traducendo</span> <span class='ocrx_word' id='word_1_175' title='bbox 500 2405 595 2470; x_wconf 86' lang='lat' dir='ltr'>agere</span> <span class='ocrx_word' id='word_1_176' title='bbox 625 2384 777 2467; x_wconf 89' lang='lat' dir='ltr'>coepisse.</span> <span class='ocrx_word' id='word_1_177' title='bbox 828 2382 914 2448; x_wconf 90' lang='lat' dir='ltr'>Huic</span> <span class='ocrx_word' id='word_1_178' title='bbox 940 2383 1088 2466; x_wconf 82' lang='lat' dir='ltr'>frequen-</span> 
     </span>
     <span class='ocr_line' id='line_1_26' title="bbox 83 2463 1086 2557; baseline 0.001 -24"><span class='ocrx_word' id='word_1_179' title='bbox 83 2463 124 2526; x_wconf 68' lang='grc'>111</span> <span class='ocrx_word' id='word_1_180' title='bbox 142 2468 358 2538; x_wconf 85' lang='lat' dir='ltr'>interceditur.</span> <span class='ocrx_word' id='word_1_181' title='bbox 403 2472 492 2538; x_wconf 89' lang='lat' dir='ltr'>Haec</span> <span class='ocrx_word' id='word_1_182' title='bbox 519 2475 616 2557; x_wconf 69' lang='lat' dir='ltr'>sunt,</span> <span class='ocrx_word' id='word_1_183' title='bbox 626 2477 665 2536; x_wconf 90' lang='grc'>11</span> <span class='ocrx_word' id='word_1_184' title='bbox 687 2471 812 2557; x_wconf 83' lang='lat' dir='ltr'>opinor,</span> <span class='ocrx_word' id='word_1_185' title='bbox 834 2472 926 2536; x_wconf 92' lang='lat' dir='ltr'>inre</span> <span class='ocrx_word' id='word_1_186' title='bbox 949 2471 1086 2554; x_wconf 90' lang='lat' dir='ltr'>publica.</span> 
     </span>
     <span class='ocr_line' id='line_1_27' title="bbox 87 2553 1123 2647; baseline 0.004 -27"><span class='ocrx_word' id='word_1_187' title='bbox 87 2635 92 2647; x_wconf 92' lang='lat'><strong>.</strong></span> <span class='ocrx_word' id='word_1_188' title='bbox 139 2553 207 2642; x_wconf 79' lang='lat' dir='ltr'>Ego</span> <span class='ocrx_word' id='word_1_189' title='bbox 225 2564 346 2647; x_wconf 89' lang='lat' dir='ltr'>antem,</span> <span class='ocrx_word' id='word_1_190' title='bbox 362 2564 400 2625; x_wconf 92' lang='lat' dir='ltr'>ut</span> <span class='ocrx_word' id='word_1_191' title='bbox 419 2561 519 2626; x_wconf 88' lang='lat' dir='ltr'>semel</span> <span class='ocrx_word' id='word_1_192' title='bbox 531 2559 702 2624; x_wconf 91' lang='lat' dir='ltr'>Nonarum</span> <span class='ocrx_word' id='word_1_193' title='bbox 715 2559 846 2624; x_wconf 89' lang='lat' dir='ltr'>illarum</span> <span class='ocrx_word' id='word_1_194' title='bbox 859 2558 1087 2624; x_wconf 90' lang='lat' dir='ltr'>Decembrium</span> <span class='ocrx_word' id='word_1_195' title='bbox 1106 2576 1123 2624; x_wconf 85' lang='lat'><strong>6</strong></span> 
     </span>
     <span class='ocr_line' id='line_1_28' title="bbox 84 2647 1088 2730; baseline -0.002 -18"><span class='ocrx_word' id='word_1_196' title='bbox 84 2647 211 2712; x_wconf 74' lang='lat' dir='ltr'>muctam</span> <span class='ocrx_word' id='word_1_197' title='bbox 226 2649 350 2714; x_wconf 86' lang='lat' dir='ltr'>invidia</span> <span class='ocrx_word' id='word_1_198' title='bbox 368 2671 405 2713; x_wconf 88' lang='grc'>11</span> <span class='ocrx_word' id='word_1_199' title='bbox 422 2649 601 2714; x_wconf 86' lang='lat' dir='ltr'>multorum</span> <span class='ocrx_word' id='word_1_200' title='bbox 619 2648 799 2712; x_wconf 90' lang='lat' dir='ltr'>inimicitiis</span> <span class='ocrx_word' id='word_1_201' title='bbox 818 2647 970 2712; x_wconf 86' lang='lat' dir='ltr'>eximiam</span> <span class='ocrx_word' id='word_1_202' title='bbox 988 2668 1088 2730; x_wconf 89' lang='lat' dir='ltr'>quan·</span> 
     </span>
     <span class='ocr_line' id='line_1_29' title="bbox 87 2723 1089 2822; baseline 0 -23"><span class='ocrx_word' id='word_1_203' title='bbox 87 2723 148 2794; x_wconf 68' lang='lat' dir='ltr'>dam</span> <span class='ocrx_word' id='word_1_204' title='bbox 172 2739 268 2821; x_wconf 87' lang='lat' dir='ltr'>atque</span> <span class='ocrx_word' id='word_1_205' title='bbox 291 2737 509 2802; x_wconf 88' lang='lat' dir='ltr'>immortalem</span> <span class='ocrx_word' id='word_1_206' title='bbox 532 2736 671 2822; x_wconf 82' lang='lat' dir='ltr'>gloriam</span> <span class='ocrx_word' id='word_1_207' title='bbox 694 2740 885 2801; x_wconf 86' lang='lat' dir='ltr'>consecutus</span> <span class='ocrx_word' id='word_1_208' title='bbox 909 2757 995 2821; x_wconf 89' lang='lat' dir='ltr'>sum,</span> <span class='ocrx_word' id='word_1_209' title='bbox 1021 2756 1089 2799; x_wconf 91' lang='lat' dir='ltr'>non</span> 
     </span>
     <span class='ocr_line' id='line_1_30' title="bbox 59 2811 1088 2910; baseline 0.009 -33"><span class='ocrx_word' id='word_1_210' title='bbox 59 2811 182 2886; x_wconf 81' lang='grc'>11111111</span> <span class='ocrx_word' id='word_1_211' title='bbox 199 2825 311 2891; x_wconf 88' lang='lat' dir='ltr'>eadem</span> <span class='ocrx_word' id='word_1_212' title='bbox 332 2825 431 2890; x_wconf 82' lang='lat' dir='ltr'>animi</span> <span class='ocrx_word' id='word_1_213' title='bbox 453 2825 676 2910; x_wconf 80' lang='lat' dir='ltr'>magnitudine</span> <span class='ocrx_word' id='word_1_214' title='bbox 698 2825 791 2888; x_wconf 89' lang='lat' dir='ltr'>inre</span> <span class='ocrx_word' id='word_1_215' title='bbox 813 2823 944 2907; x_wconf 88' lang='lat' dir='ltr'>publica</span> <span class='ocrx_word' id='word_1_216' title='bbox 965 2823 1088 2888; x_wconf 87' lang='lat' dir='ltr'>versari</span> 
     </span>
     <span class='ocr_line' id='line_1_31' title="bbox 90 2905 1089 2997; baseline -0.004 -19"><span class='ocrx_word' id='word_1_217' title='bbox 90 2905 115 2964; x_wconf 65' lang='lat' dir='ltr'>tl</span> <span class='ocrx_word' id='word_1_218' title='bbox 131 2905 213 2978; x_wconf 71' lang='lat' dir='ltr'>illam</span> <span class='ocrx_word' id='word_1_219' title='bbox 230 2913 418 2978; x_wconf 85' lang='lat' dir='ltr'>institutam</span> <span class='ocrx_word' id='word_1_220' title='bbox 437 2934 474 2977; x_wconf 87' lang='lat' dir='ltr'>ac</span> <span class='ocrx_word' id='word_1_221' title='bbox 492 2916 675 2996; x_wconf 89' lang='lat' dir='ltr'>susceptam</span> <span class='ocrx_word' id='word_1_222' title='bbox 694 2912 887 2997; x_wconf 88' lang='lat' dir='ltr'>dignitatem</span> <span class='ocrx_word' id='word_1_223' title='bbox 905 2911 1000 2996; x_wconf 88' lang='lat' dir='ltr'>tucri,</span> <span class='ocrx_word' id='word_1_224' title='bbox 1024 2910 1089 2997; x_wconf 92' lang='lat' dir='ltr'>sed,</span> 
     </span>
     <span class='ocr_line' id='line_1_32' title="bbox 88 2997 1089 3086; baseline -0.008 -16"><span class='ocrx_word' id='word_1_225' title='bbox 88 2997 281 3085; x_wconf 76' lang='lat' dir='ltr'>Posteaquam</span> <span class='ocrx_word' id='word_1_226' title='bbox 312 3002 455 3086; x_wconf 89' lang='lat' dir='ltr'>primum</span> <span class='ocrx_word' id='word_1_227' title='bbox 483 2999 577 3066; x_wconf 77' lang='lat' dir='ltr'>Clodi</span> <span class='ocrx_word' id='word_1_228' title='bbox 607 3001 812 3065; x_wconf 88' lang='lat' dir='ltr'>absolutione</span> <span class='ocrx_word' id='word_1_229' title='bbox 842 2999 1010 3064; x_wconf 84' lang='lat' dir='ltr'>levitatem</span> <span class='ocrx_word' id='word_1_230' title='bbox 1041 2998 1089 3062; x_wconf 94' lang='lat' dir='ltr'>in-</span> 
     </span>
     <span class='ocr_line' id='line_1_33' title="bbox 89 3075 1087 3174; baseline 0.003 -27"><span class='ocrx_word' id='word_1_231' title='bbox 89 3075 322 3174; x_wconf 72' lang='lat' dir='ltr'>firmitatemque</span> <span class='ocrx_word' id='word_1_232' title='bbox 341 3089 532 3154; x_wconf 90' lang='lat' dir='ltr'>indiciorum</span> <span class='ocrx_word' id='word_1_233' title='bbox 550 3089 710 3174; x_wconf 87' lang='lat' dir='ltr'>perspexi,</span> <span class='ocrx_word' id='word_1_234' title='bbox 732 3087 845 3153; x_wconf 90' lang='lat' dir='ltr'>deinde</span> <span class='ocrx_word' id='word_1_235' title='bbox 867 3087 934 3151; x_wconf 83' lang='lat' dir='ltr'>vidi</span> <span class='ocrx_word' id='word_1_236' title='bbox 956 3090 1087 3152; x_wconf 91' lang='lat' dir='ltr'>nostros</span> 
     </span>
     <span class='ocr_line' id='line_1_34' title="bbox 90 3167 1089 3261; baseline 0 -23"><span class='ocrx_word' id='word_1_237' title='bbox 90 3167 259 3261; x_wconf 74' lang='lat' dir='ltr'>publicanos</span> <span class='ocrx_word' id='word_1_238' title='bbox 287 3178 382 3242; x_wconf 88' lang='lat' dir='ltr'>facile</span> <span class='ocrx_word' id='word_1_239' title='bbox 409 3200 428 3242; x_wconf 90' lang='lat' dir='ltr'>a</span> <span class='ocrx_word' id='word_1_240' title='bbox 456 3181 570 3242; x_wconf 91' lang='lat' dir='ltr'>senatu</span> <span class='ocrx_word' id='word_1_241' title='bbox 598 3177 737 3261; x_wconf 90' lang='lat' dir='ltr'>diiungi,</span> <span class='ocrx_word' id='word_1_242' title='bbox 769 3197 965 3260; x_wconf 86' lang='lat' dir='ltr'>quemqnam</span> <span class='ocrx_word' id='word_1_243' title='bbox 992 3197 1011 3239; x_wconf 86' lang='lat' dir='ltr'>a</span> <span class='ocrx_word' id='word_1_244' title='bbox 1037 3195 1089 3238; x_wconf 90' lang='lat' dir='ltr'>me</span> 
     </span>
     <span class='ocr_line' id='line_1_35' title="bbox 64 3261 1090 3349; baseline -0.011 -14"><span class='ocrx_word' id='word_1_245' title='bbox 64 3270 150 3334; x_wconf 54' lang='lat' dir='ltr'>“libo</span> <span class='ocrx_word' id='word_1_246' title='bbox 178 3285 243 3331; x_wconf 89' lang='lat' dir='ltr'>non</span> <span class='ocrx_word' id='word_1_247' title='bbox 274 3266 517 3349; x_wconf 85' lang='lat' dir='ltr'>divellerentur,</span> <span class='ocrx_word' id='word_1_248' title='bbox 549 3269 620 3329; x_wconf 90' lang='lat' dir='ltr'>tum</span> <span class='ocrx_word' id='word_1_249' title='bbox 653 3269 762 3329; x_wconf 87' lang='lat' dir='ltr'>antem</span> <span class='ocrx_word' id='word_1_250' title='bbox 792 3264 904 3328; x_wconf 89' lang='lat' dir='ltr'>beatos</span> <span class='ocrx_word' id='word_1_251' title='bbox 931 3261 1090 3345; x_wconf 91' lang='lat' dir='ltr'>homines,</span> 
     </span>
     <span class='ocr_line' id='line_1_36' title="bbox 93 3335 1088 3436; baseline -0.005 -21"><span class='ocrx_word' id='word_1_252' title='bbox 93 3335 140 3436; x_wconf 50' lang='lat'>{10¹</span> <span class='ocrx_word' id='word_1_253' title='bbox 163 3353 351 3434; x_wconf 77' lang='lat' dir='ltr'>piscinarios</span> <span class='ocrx_word' id='word_1_254' title='bbox 379 3353 449 3418; x_wconf 91' lang='lat' dir='ltr'>dico</span> <span class='ocrx_word' id='word_1_255' title='bbox 483 3353 602 3418; x_wconf 90' lang='lat' dir='ltr'>amicos</span> <span class='ocrx_word' id='word_1_256' title='bbox 630 3357 720 3436; x_wconf 91' lang='lat' dir='ltr'>tuos,</span> <span class='ocrx_word' id='word_1_257' title='bbox 745 3373 813 3416; x_wconf 95' lang='lat' dir='ltr'>non</span> <span class='ocrx_word' id='word_1_258' title='bbox 836 3351 970 3416; x_wconf 88' lang='lat' dir='ltr'>obscure</span> <span class='ocrx_word' id='word_1_259' title='bbox 992 3348 1088 3413; x_wconf 91' lang='lat' dir='ltr'>nobis</span> 
     </span>
     <span class='ocr_line' id='line_1_37' title="bbox 93 3432 1091 3528; baseline -0.006 -25"><span class='ocrx_word' id='word_1_260' title='bbox 93 3432 222 3528; x_wconf 70' lang='lat' dir='ltr'>mvidere,</span> <span class='ocrx_word' id='word_1_261' title='bbox 239 3443 354 3526; x_wconf 79' lang='lat' dir='ltr'>putavi</span> <span class='ocrx_word' id='word_1_262' title='bbox 371 3441 454 3506; x_wconf 91' lang='lat' dir='ltr'>mibi</span> <span class='ocrx_word' id='word_1_263' title='bbox 471 3441 609 3506; x_wconf 89' lang='lat' dir='ltr'>maiores</span> <span class='ocrx_word' id='word_1_264' title='bbox 630 3439 785 3525; x_wconf 86' lang='lat' dir='ltr'>quasdam</span> <span class='ocrx_word' id='word_1_265' title='bbox 805 3461 881 3522; x_wconf 91' lang='lat' dir='ltr'>opes</span> <span class='ocrx_word' id='word_1_266' title='bbox 899 3442 932 3502; x_wconf 90' lang='lat' dir='ltr'>et</span> <span class='ocrx_word' id='word_1_267' title='bbox 945 3435 1091 3502; x_wconf 88' lang='lat' dir='ltr'>firmiora</span> 
     </span>
     <span class='ocr_line' id='line_1_38' title="bbox 136 3545 928 3604; baseline 0.015 -18"><span class='ocrx_word' id='word_1_268' title='bbox 136 3545 252 3604; x_wconf 74' lang='grc'>01111111.</span> <span class='ocrx_word' id='word_1_269' title='bbox 267 3556 293 3596; x_wconf 88' lang='lat'>11</span> <span class='ocrx_word' id='word_1_270' title='bbox 912 3546 928 3592; x_wconf 84' lang='lat'><strong>3</strong></span> 
     </span>
    </p>
   </div>
   <div class='ocr_carea' id='block_1_3' title="bbox 0 0 1292 3888">
    <p class='ocr_par' dir='ltr' id='par_1_3' title="bbox 0 0 1292 3888">
     <span class='ocr_line' id='line_1_39' title="bbox 0 0 1292 3888; baseline 0 0"><span class='ocrx_word' id='word_1_271' title='bbox 0 0 1292 3888; x_wconf 95' lang='lat' dir='ltr'> </span> 
     </span>
    </p>
   </div>
  </div>
 </body>
</html>
