2578 3886
164 165 231 231 360
489 165 526 220 n.
546 165 655 220 uuum
674 165 864 220 cicuaorus

164 311 231 374 turi
254 310 388 374 sumus?
425 309 476 373 Ea
498 309 679 393 videamus,
707 330 788 391 quae
812 309 853 372 ad
873 330 934 372 nos
957 308 1064 393 magis
1087 308 1188 391 perti·

163 401 242 462 nent
269 420 328 462 nec
354 402 465 462 tamen
487 398 606 480 multo,
639 396 717 480 quid
740 417 873 481 agamus
897 396 936 461 de
960 400 1084 460 senatu.
1132 395 1186 478 Et,

164 489 202 550 ut
228 506 270 549 ne
298 485 376 569 quid
405 486 676 569 praetermittam,
709 482 886 549 Caesonius
913 484 955 548 ad
981 507 1033 548 me
1055 483 1185 548 fitteras

164 574 255 637 misit
277 572 480 638 Postumiam
508 573 632 657 Sulpici
660 572 789 636 domum
818 573 858 637 ad
887 593 922 636 se
948 572 1085 638 venisse.
1135 570 1185 635 De

164 661 299 745 Pompei
326 661 438 746 Magni
465 661 533 725 fflia
561 661 623 725 tibi
650 661 802 745 rescripsi
828 660 913 724 nihil
940 683 992 725 me
1018 660 1082 725 hoc
1104 664 1185 723 tem·
1211 682 1222 722 s

164 772 243 832 pore
274 751 430 836 eogitare3
463 750 600 813 alteram
626 771 704 813 vero
731 749 836 832 illam,
869 771 965 832 quam
993 751 1031 813 tu
1059 748 1185 830 scribis,

164 841 255 922 puto,
283 838 378 902 nosti.
425 835 519 901 Nihil
541 837 609 900 vidi
631 836 765 901 foedius.
812 834 875 900 Sed
898 837 1018 900 adsum.
1066 834 1186 901 Coram
1265 828 1266 879 3

164 926 274 1009 igitur.
575 983 576 987 ,

233 1011 413 1096 Obsignata
432 1012 572 1096 epistula
591 1012 697 1096 accepi
715 1015 798 1076 tuas.
835 1010 965 1077 Atticae
982 1011 1184 1076 hilaritatem

164 1101 304 1165 libenter
327 1100 430 1164 audio
479 1099 768 1165 Commotiunculis
792 1103 984 1184 συμπάσχω.
1057 1133 1059 1136 ·
1199 1124 1221 1162 10

640 1274 712 1339 XII.

348 1395 406 1452 Ser.
422 1396 543 1452 Asturae
562 1396 661 1450 XVII
676 1396 712 1450 K.
728 1396 798 1464 Apr.
814 1413 840 1450 o.
856 1400 911 1450 709
931 1399 1000 1465 (45).

471 1519 617 1574 CICERO
635 1518 782 1574 ATTICO
800 1519 884 1574 SAL.

130 1645 145 1694 1
232 1626 281 1692 De
310 1628 386 1692 dote
414 1631 506 1691 tanto
535 1627 640 1712 magis
668 1649 838 1712 perpurga.
884 1627 980 1692 Balbi
998 1629 1089 1713 regia
1112 1649 1184 1692 con·

166 1715 249 1780 dicio
274 1719 323 1780 est
345 1715 523 1800 delegandi.
561 1715 698 1798 Quoquo
721 1715 817 1779 modo
841 1717 970 1780 confice.
1007 1716 1117 1800 Turpe
1134 1719 1217 1780 estu

165 1825 234 1867 rem
261 1804 450 1888 impeditam
478 1804 588 1868 iacere.
634 1801 746 1867 Insula
768 1802 909 1887 Arpinas
932 1803 1052 1868 habere
1075 1807 1183 1888 potest

165 1913 354 1976 germanam
377 1891 583 1976 decederem
616 1892 672 1955 sed
689 1913 812 1975 vereor,
838 1913 879 1956 ne
903 1892 1062 1957 minorem
1085 1895 1183 1976 τιμὴν

164 1977 286 2043 habere
321 1979 470 2044 videatur
508 1979 711 2064 ἐκτοπισμός.
761 1979 823 2043 Est
856 1980 958 2064 igitur
990 1981 1118 2044 animus
1149 1981 1182 2043 in

165 2067 285 2150 hortis3
309 2089 390 2150 quos
413 2071 524 2132 tamen
546 2068 726 2152 inspiciam,
744 2089 822 2131 oum
844 2065 971 2132 venero.

131 2172 147 2220 2
234 2153 282 2218 De
305 2154 457 2239 Epicuro,
476 2159 518 2237 ,ut
541 2155 642 2241 voles3
667 2155 729 2219 etsi
744 2159 1006 2240 Ιμεθοιρμόσομαι
1024 2156 1060 2220 in
1078 2159 1182 2239 poste
1194 2178 1215 2216 a

165 2265 239 2307 rum
263 2264 364 2327 genus
386 2243 448 2307 hoc
471 2265 691 2326 personarum.
727 2241 920 2308 Incredibile
944 2248 1002 2327 est,
1027 2266 1125 2328 quam
1147 2264 1182 2306 ea

167 2331 297 2414 quidam
334 2331 508 2414 requirant.
559 2329 612 2395 Ad
644 2329 796 2414 antiquos
828 2332 944 2418 igitur3
981 2331 1181 2416 ἀνεμέσητον

165 2421 239 2503 γάρ.
274 2417 368 2482 Nihil
389 2418 503 2504 habeo,
523 2418 562 2482 ad
584 2421 617 2482 te
636 2419 721 2502 quod
742 2417 977 2505 [per]scribam,
1001 2419 1057 2484 sed
1075 2424 1182 2504 tamen

165 2506 297 2569 institui
324 2507 441 2571 cotidie
470 2507 614 2594 mittere,
641 2510 679 2570 ut
702 2506 829 2571 eliciam
851 2512 925 2572 tuas
948 2507 1092 2593 litteras,
1117 2527 1181 2571 non

166 2614 231 2676 quo
262 2593 385 2677 aliquid
411 2613 450 2659 ex
477 2593 518 2659 iis
547 2599 743 2680 exspectem,
777 2595 832 2660 sed
856 2596 965 2660 nescio
994 2617 1060 2679 quo
1088 2596 1213 2659 modos

164 2683 275 2746 tamen
293 2685 450 2765 exspecto.
489 2682 602 2767 Quare,
622 2683 688 2747 sive
705 2683 806 2752 habes
827 2685 904 2767 quid
923 2684 991 2748 sive
1008 2684 1058 2748 nil
1074 2684 1181 2767 habes,

167 2768 271 2832 scribe
294 2773 404 2833 tamen
426 2770 549 2856 aliquid
571 2776 667 2856 teque
691 2792 774 2835 cura.

381 3064 437 3119 Ser.
453 3067 573 3120 Asturae
591 3067 666 3122 Noa.
681 3068 771 3122 Man.
786 3085 811 3122 a.
828 3072 883 3123 709
903 3071 972 3137 (45).

471 3187 617 3243 CICERO
634 3189 781 3245 ATTICO
799 3191 882 3246 SAL.
1193 3201 1213 3240 ³⁰

131 3315 145 3362 1
234 3293 424 3361 Commovet
465 3317 516 3359 me
557 3293 681 3381 Attica,
732 3299 793 3362 etsi
835 3299 999 3363 adsentior
1040 3298 1180 3365 Cratero.

165 3384 261 3448 Bruti
290 3385 419 3448 litterae
448 3384 587 3467 scriptae
613 3389 647 3449 et
674 3385 850 3468 prudenter
878 3390 910 3450 et
940 3387 1041 3452 amice
1063 3389 1180 3453 multas

165 3473 247 3536 mihi
283 3476 392 3537 tamen
422 3471 572 3536 lacrimas
605 3473 793 3538 attulerunt.
844 3474 898 3538 Me
928 3474 1008 3540 haee
1041 3476 1180 3541 solitudo
