2484 3886
473 155 502 211 P.
518 162 666 212 eae-303.
923 155 1073 210 LXXXVII

71 299 84 345 9
101 295 248 348 avaritiam
266 301 419 350 cansam?
451 294 490 350 ef.
505 295 577 350 Phil.
592 314 619 365 p.
630 301 690 350 488.
701 301 743 350 27.
763 327 797 336 —
819 301 851 348 23
865 303 923 351 tarn
935 294 1075 361 Wesenb,

69 363 134 418 Boot
151 364 233 418 haud
252 365 312 418 scio
331 381 368 418 an
385 367 468 420 recte.
500 365 546 418 Ad
563 365 629 420 iam.
643 385 670 435 p.
687 372 728 421 58.
744 371 768 420 a.
784 397 818 406 -
832 372 865 420 25
884 368 945 434 [ieri
961 367 1075 436 naqaii

68 433 98 488 H.
112 435 143 489 Α.
158 435 241 488 Koch
256 435 401 490 ‘Zeitschr
416 435 435 490 f.
450 436 476 490 d.
493 435 594 491 a.-W.²
612 442 680 490 1860
694 454 721 506 p.
737 441 797 503 889,
807 436 961 506 Lahmeyer
974 436 1074 490 Philol.

69 503 127 556 XXI
142 523 170 574 p.
182 511 235 559 291
246 524 284 574 n.,
303 505 407 573 Baiter,
426 506 534 575 Tyrrell
553 523 595 576 ep.
611 512 672 575 392,
691 523 747 560 aaa
765 508 839 562 debat
857 509 907 560 aut
923 524 980 561 non
989 513 1076 576 potest

69 575 134 630 coni.
148 576 232 644 Boot,
251 593 303 630 nec
319 577 458 631 mesiam
475 584 513 631 est
530 594 578 631 nea
596 584 684 632 tritara
702 577 846 630 Lehmann
865 593 906 647 ep.
917 577 965 632 sel.
981 577 1074 660 ΙΠ20,

67 805 91 854 p.
106 792 146 842 87,
163 793 208 842 33.
228 819 263 828 -
283 793 317 840 31
337 788 389 842 Sin
405 788 541 855 Lambin,
560 788 681 856 Tyrrell,
701 789 777 856 quod
793 789 824 841 in
842 788 885 841 Ml
904 791 947 842 est
964 790 989 843 si
1007 805 1076 842 carn

68 858 185 912 trahitur
204 860 357 927 sumptum,
377 859 467 924 credo,
487 875 502 912 e
520 875 602 912 versu
621 859 763 928 superiore
782 860 829 924 (ad
847 877 874 929 p.
890 864 931 914 24.
943 861 985 929 8),
1003 860 1028 912 si
1045 859 1076 911 id

68 926 146 995 Boot,
170 929 197 982 ai
219 936 317 983 contra
343 927 373 982 0.
387 927 418 984 E.
434 929 561 982 Schmidt
578 947 647 983 mus.
662 929 750 984 Rhen.
767 935 834 983 1897
853 947 880 998 p.
897 935 955 984 164,
984 928 1017 983 V.
1031 928 1076 982 vel

68 997 211 1052 Lehmann
234 1015 278 1068 ep.
299 998 348 1053 sel.
365 999 404 1052 HI
423 1005 464 1054 19.
484 1005 508 1054 2.
541 1005 549 1064 ΙΙ
581 1000 616 1054 P.
631 999 699 1054 808.
716 1005 782 1067 4sq.
804 1000 896 1054 Tanta
918 999 982 1066 ZL',
1005 998 1075 1052 Leh-

69 1083 162 1136 mann,
190 1069 263 1124 coni.
288 1069 367 1137 Boot,
395 1070 470 1136 quod
496 1069 602 1126 ‘Cicero
632 1069 790 1139 scripsisset
814 1071 921 1138 tacere’,
947 1072 977 1123 et
1001 1069 1076 1137 quod

71 1139 234 1209 ‘indignitas
256 1155 343 1208 saepe
368 1139 444 1209 apud
467 1138 588 1208 Livium,
613 1156 752 1207 nusquam
777 1140 854 1209 apud
878 1139 1002 1194 Tullium
1025 1155 1075 1208 pro

71 1208 161 1263 dolore
176 1213 206 1264 et
218 1208 415 1278 indignatione
428 1210 563 1279 ponitur'.
591 1210 690 1263 Utram
704 1227 818 1264 causam
830 1210 962 1264 leviorem
975 1210 1076 1278 dicam,

72 1278 174 1336 dubito.
211 1280 267 1334 ma
289 1283 401 1334 tanturn
419 1280 507 1348 valet,
535 1283 671 1348 quantum
689 1281 714 1334 si
737 1281 895 1348 quisdicat
916 1298 972 1335 non
994 1295 1076 1350 posse

72 1348 124 1402 dici
143 1351 341 1420 ‘schweigsam
360 1350 439 1419 sein',
459 1351 560 1404 debere
580 1350 769 1420 ‘schweigen'.
805 1353 873 1404 Indi
890 1353 964 1406 nitas
982 1354 1076 1404 autern

72 1427 161 1475 matra
183 1439 240 1476 non
265 1423 308 1475 est
330 1420 501 1490 indignatio,
529 1422 579 1475 sed
600 1439 651 1476 nos
674 1421 704 1474 in
728 1422 810 1474 tanta
835 1421 866 1474 in
888 1421 1019 1490 gnitate,
1048 1423 1076 1475 et

73 1491 222 1561 indigitibus
244 1499 283 1547 asi
304 1493 389 1546 tacita
410 1491 499 1544 multo
521 1491 613 1544 minus
631 1491 767 1545 inusitate
785 1491 888 1545 dicitur
906 1508 991 1559 quam
1012 1509 1036 1546 v.
1052 1509 1074 1546 c.

74 1561 184 1616 aniona
201 1563 366 1632 adipiscitur
382 1562 468 1616 Marc.
480 1568 503 1616 ὅ.
515 1568 547 1614 12
561 1580 588 1630 p.
599 1579 644 1628 m,
663 1563 758 1632 ralipio
775 1563 871 1616 rainer
889 1561 965 1616 Verr.
980 1561 1019 1614 IV
1033 1567 1074 1616 21.

76 1637 105 1684 16
115 1648 172 1700 ex.,
196 1635 302 1688 reditas
326 1633 397 1686 aiala
422 1632 477 1687 Pis.
499 1638 541 1686 22.
557 1638 589 1684 51
622 1635 650 1685 et
673 1632 764 1685 multa
790 1632 901 1686 similia.
933 1631 966 1686 V.
991 1631 1076 1685 etiam

75 1699 219 1757 Bothstein
246 1701 484 1756 ‘Wochenschrift
507 1702 526 1757 f.
544 1701 630 1757 klass.
645 1702 813 1770 Philologie'
835 1706 1008 1756 18921164,
1041 1733 1075 1742 -

78 1777 105 1824 12
115 1790 174 1841 sqq.
193 1773 322 1828 Scribam
344 1804 378 1813 -
396 1773 514 1826 aenerira
535 1773 565 1825 in
587 1772 715 1841 parenth.
740 1772 802 1826 edd.
820 1789 872 1841 per
893 1787 924 1825 se
941 1787 994 1824 nec
1011 1770 1074 1826 fals.

76 1858 122 1895 nec
143 1860 280 1898 necessat.
304 1844 352 1913 (ad
369 1861 395 1911 p.
415 1849 456 1897 16.
468 1845 519 1912 14),
543 1842 654 1896 sedvel
675 1844 824 1912 propiores
846 1858 902 1895 non
924 1841 1075 1910 plausibil,

77 1914 159 1981 quod,
186 1915 234 1982 qui
259 1913 301 1967 sic
326 1914 463 1981 scribunt,
487 1913 715 1982 interrogationis
741 1913 853 1982 signum
875 1913 925 1965 aut
951 1914 1016 1981 post
1043 1913 1075 1965 ii·

78 1991 130 2038 aar
150 1985 297 2051 omittunt,
320 1983 370 2037 ubi
393 1983 582 2052 desideratur,
604 2000 673 2038 rece.
695 1983 815 2037 editores
839 1999 946 2050 omnes,
971 1985 1021 2035 aut
1043 1985 1076 2036 ut

77 2051 199 2109 Wesenb.
214 2057 244 2109 et
265 2054 410 2108 Lehmann
433 2057 498 2122 post
521 2055 638 2108 aenerina
651 2056 771 2122 ponunt,
795 2070 850 2121 quo
871 2070 927 2107 non
943 2052 1074 2121 pertinet.

77 2153 107 2163 —
138 2130 172 2178 25
198 2125 375 2197 [Oiassibaa]
402 2124 523 2192 Manat,
545 2124 650 2192 Baiter,
677 2123 807 2178 Wesenb.
849 2155 883 2163 -
925 2129 959 2177 26
986 2125 1076 2178 naias

78 2195 156 2250 saraa
180 2203 229 2251 ant
250 2201 360 2250 tantam
384 2194 517 2264 deniqne?
544 2195 611 2264 qaid
628 2193 756 2263 tarpias?
779 2194 911 2263 Malasp.,
934 2193 1075 2262 Wesenb,

78 2262 212 2320 Lehmann
231 2268 260 2320 et
273 2268 340 2336 (non
353 2265 479 2335 probat.)
493 2264 618 2320 tantam?
636 2266 751 2334 deniqne
764 2264 881 2334 Tyrrell,
900 2265 971 2334 qaod
988 2266 1077 2320 rnalas

78 2335 182 2402 i‘raaiaa
199 2336 243 2390 vel
261 2337 374 2390 natana’
395 2351 492 2404 margo
511 2336 551 2405 Μ)
568 2337 669 2390 scilicet
686 2341 793 2390 tantam
810 2335 893 2402 ΜΖΟ,
911 2336 952 2389 aci
969 2341 1076 2389 tanturn

79 2404 184 2474 deniare
200 2405 310 2474 Baiter,
330 2407 401 2476 qaod
418 2407 521 2460 naniam
538 2407 638 2460 scilicet
659 2405 785 2460 taratara?
803 2406 917 2474 deniqne
935 2406 1001 2474 qnid
1018 2412 1076 2460 air-

76 2477 154 2541 piaa?
173 2478 258 2543 Boot,
333 2477 367 2530 od
391 2477 495 2530 raaiarn
520 2477 580 2531 iicet
603 2477 703 2546 inpare
729 2483 848 2543 tantan,
873 2476 988 2544 deniqne
1009 2477 1077 2544 qaid

79 2548 179 2615 nuptia
201 2547 231 2602 Ο.
247 2547 279 2602 E.
315 2546 422 2599 ohmidt
444 2563 513 2601 mus.
532 2547 620 2601 Bhen.
641 2552 709 2600 1897
727 2564 754 2616 p.
775 2552 834 2600 165.
854 2577 887 2585 -
911 2551 945 2598 27
968 2563 1007 2599 an
1029 2547 1077 2614 qai

79 2615 178 2684 ivaids
203 2619 249 2672 tic
275 2619 308 2671 in
334 2618 452 2671 absentis
473 2616 582 2684 Baiter,
610 2617 693 2684 Boot,
721 2616 799 2670 ‘dum
825 2615 925 2670 melius
953 2615 1076 2684 affertur,

79 2687 157 2756 tenet,
179 2688 256 2755 quod
278 2686 346 2741 olim
367 2687 525 2756 proposuit:
548 2687 596 2741 An
619 2688 667 2756 gai
683 2688 755 2740 irara
772 2688 855 2740 trans
872 2687 986 2741 amentis
1004 2688 1078 2741 solas

79 2757 138 2824 tali,
160 2760 244 2813 aceias
270 2757 414 2825 ciaadcrn’,
433 2757 549 2826 Madvig
566 2757 635 2812 Adv.
650 2757 688 2809 ΙΠ
705 2775 732 2826 p.
750 2763 800 2810 185
819 2757 879 2823 An,
905 2757 1001 2810 caiae
1019 2758 1076 2810 ad-

78 2826 126 2881 tac
140 2829 171 2882 in
188 2829 307 2884 abacistis
324 2829 397 2882 seins
409 2829 464 2882 tali
480 2829 574 2894 aceias,
591 2828 716 2895 cinsdan,
735 2829 784 2880 An
796 2829 868 2881 irara
884 2827 967 2880 haias
985 2827 1016 2880 in
1030 2828 1076 2880 ab·

80 2905 155 2953 santa
166 2900 240 2954 scias
253 2899 315 2966 tali,
332 2899 417 2953 scalas
429 2897 578 2966 Hofmann,
597 2897 749 2964 Lehmann,
772 2898 922 2951 Annibalis
934 2897 1078 2952 delirantis

80 2974 152 3036 adana
172 2970 287 3024 unientis
308 2970 381 3023 roias
402 2970 456 3024 inii
476 2969 562 3023 socias
580 2968 610 3022 Ο.
625 2967 656 3022 Ε,
676 2967 803 3021 Schmidt
820 2985 889 3021 mus.
904 2967 992 3023 Bhen.
1008 2973 1076 3022 1897

80 3054 105 3104 p.
119 3043 173 3094 rat.
191 3070 226 3080 —
245 3044 279 3092 33
298 3039 430 3110 [tarpitar
441 3039 547 3109 facere]
559 3037 664 3105 Baiter,
679 3054 731 3093 om.
747 3038 790 3092 ed.
804 3039 882 3092 Ram.
902 3069 936 3077 -
951 3043 984 3091 34
1000 3038 1078 3092 ‘Non

81 3137 111 3148 -
127 3111 322 3164 inanimus
342 3109 483 3177 Wesenb,
501 3110 721 3180 †transieriraas
743 3109 815 3162 Boot
839 3108 916 3162 add:
938 3107 1006 3161 ‘Aut
1025 3108 1075 3161 ali·

82 3177 142 3261 quid
155 3178 261 3233 excidit
272 3179 359 3234 velut:
376 3180 433 3234 Ora
445 3196 507 3250 arao
520 3195 577 3261 nan
590 3180 745 3276 sirnai’carn
759 3179 887 3248 Pompeio
900 3195 974 3232 niara
987 3185 1076 3233 trans·

82 3248 1078 3390 arctararaiaatatitiatatantia}

83 3405 135 3442 ran
159 3390 193 3444 P.
216 3407 287 3444 mare
314 3391 516 3445 transierimus:
542 3391 653 3444 omnino
678 3405 735 3443 non
760 3391 912 3458 potuimus,
939 3390 989 3440 aut
1015 3403 1075 3438 curn

83 3456 256 3528 Nipperdeio’
279 3459 387 3530 (Opusc.
402 3478 429 3530 p.
438 3462 500 3530 467)
521 3461 561 3514 ‘et
578 3459 670 3514 Hofm.
695 3459 872 3513 scribendum
895 3455 1077 3521 transiinas’,
