2560 3880
291 165 548 220 EPISTULARUM
567 167 616 220 AD
635 166 789 222 BRUTUM
807 167 820 220 1
839 173 880 236 11,
901 173 942 221 12.
1052 167 1118 232 535

369 349 376 390 1

575 397 647 462 XII.

175 515 229 572 scr.
245 517 349 572 nomae
366 519 439 573 111
456 536 482 572 a.
497 519 523 572 1.
540 519 648 574 11111
664 519 716 572 rx
732 519 769 572 K.
784 519 856 574 111.
871 536 897 573 a.
913 522 966 573 111
986 521 1055 585 (11).

433 639 561 695 CICERO
580 639 703 695 BRUTO
723 639 797 694 SAL.

174 746 246 810 Etsi
268 747 401 812 daturus
425 769 510 812 eram
533 747 702 813 Messallae
727 747 865 812 Corvino
889 747 1041 810 continuo
1064 746 1116 810 lit
1136 766 1152 812 1
1186 796 1190 802 .

79 838 204 921 steros,
225 840 332 899 tamen
354 833 505 900 Veterem
527 839 676 900 nostrum
699 836 738 899 ad
761 840 793 900 te
812 835 881 899 sine
898 835 1017 899 litteris
1036 835 1116 898 meis

107 923 215 987 venire
233 925 330 987 nolui.
367 923 509 988 Maximo
528 925 563 988 in
581 924 764 988 discrimine
782 945 833 988 res
851 922 990 1008 publica,
1007 922 1118 1007 Brute,

106 1014 265 1094 versatur,
302 1012 503 1095 victoresque
534 1034 646 1076 rursus
680 1013 839 1076 decertare
871 1011 1023 1095 cogimur.
1077 1010 1117 1074 Id

107 1099 221 1163 accidit
248 1099 289 1163 M.
316 1098 430 1181 Lepidi
460 1101 577 1164 scelere
607 1104 639 1164 et
669 1100 816 1164 amentia.
867 1098 937 1174 (luc
970 1102 1115 1181 tempore

106 1209 179 1251 cum
202 1187 304 1250 multa
325 1191 458 1270 propter
482 1209 552 1251 eam
575 1210 698 1272 curam,
726 1210 823 1271 quam
845 1209 904 1270 pro
927 1208 962 1249 re
984 1187 1114 1270 publica

64 1302 92 1341 10
106 1276 245 1360 suscepi,
272 1275 412 1359 graviter
434 1276 559 1360 ferrem,
581 1280 652 1339 tum
674 1275 758 1339 nihil
779 1275 841 1338 tuli
864 1275 994 1358 gravius
1018 1296 1114 1356 quam

105 1385 156 1426 me
179 1384 245 1426 non
267 1385 361 1446 posse
383 1363 497 1427 matris
520 1367 596 1426 tuae
618 1363 766 1447 precibus
791 1363 912 1444 cedere,
936 1384 1114 1426 111111111-

105 1451 165 1535 ris3
196 1473 272 1514 nam
294 1451 369 1536 tibi,
399 1450 485 1534 quod
507 1451 587 1514 mihi
610 1452 739 1534 plurimi
764 1454 821 1534 ost,
844 1450 937 1514 facile
959 1473 1010 1513 me
1034 1451 1113 1514 satis

105 1539 265 1603 facturum
289 1538 477 1603 arbitrabar.
516 1536 617 1602 Nullo
640 1539 726 1602 enim
748 1539 844 1603 modo
867 1540 994 1622 poterat
1017 1558 1112 1602 causa

105 1626 220 1710 Lepidi
243 1627 399 1711 distingui
422 1628 463 1690 ab
486 1625 630 1690 Antonio
655 1628 860 1709 omniumque
878 1625 996 1689 iudicio
1016 1627 1113 1689 etiam

64 1741 91 1781 15
106 1715 215 1778 durior
234 1718 312 1799 erat,
335 1715 428 1798 quod,
447 1736 520 1778 cum
537 1715 715 1779 honoribus
735 1714 942 1797 amplissimis
962 1736 981 1776 a
1000 1718 1113 1778 senatu

105 1807 189 1868 esset
211 1801 350 1885 Lepidus
379 1807 526 1889 ornatus,
553 1806 623 1866 tum
650 1803 748 1867 etiam
769 1802 879 1886 paucis
902 1805 977 1866 ante
999 1801 1112 1866 diebus

104 1891 282 1974 praeclaras
310 1890 436 1954 litteras
467 1890 507 1954 ad
537 1894 684 1954 senatum
710 1891 865 1973 misisset,
894 1886 1025 1972 repente
1046 1911 1114 1953 non

105 1979 211 2043 solum
233 1979 353 2063 recepit
376 1978 528 2061 reliquias
550 1978 708 2060 hostium,
738 1979 793 2042 sed
815 1977 937 2042 bellurn
961 1978 1112 2041 acerrime

103 2072 190 2132 terra
212 2067 357 2150 marique
379 2067 476 2150 gerit,
506 2067 596 2130 cuius
619 2067 724 2130 11111111
749 2066 805 2149 qui
827 2066 955 2129 futurus
979 2066 1035 2147 sit,
1065 2067 1113 2128 in-

63 2183 90 2221 11
104 2160 228 2219 eertum
251 2159 307 2219 est.
343 2153 403 2240 Ita,
424 2176 497 2218 cum
518 2175 680 2239 rogamur,
702 2157 739 2217 ut
761 2153 1012 2217 misericordiam
1034 2154 1112 2217 libe

102 2245 149 2308 ris
171 2243 239 2306 eius
257 2242 488 2326 impertiamus,
510 2242 593 2306 nihil
611 2243 762 2328 adfertur,
780 2263 844 2324 quo
863 2242 968 2305 minus
987 2263 1113 2305 summa

103 2331 275 2414 supplicia,
303 2331 343 2415 si,
371 2331 457 2412 quod
478 2329 624 2413 Iuppiter
647 2351 741 2394 omen
762 2333 897 2415 avertat,
922 2333 1014 2412 pater
1036 2351 1113 2412 pue·

102 2442 214 2483 rorum
235 2420 358 2503 uicerit,
382 2419 546 2482 subeunda
567 2418 662 2482 nobis
686 2418 759 2481 sint.
802 2416 871 2481 Nec
892 2439 968 2480 vero
992 2439 1042 2480 me
1064 2418 1148 2482 fan

103 2508 161 2592 git,
186 2529 281 2590 quam
305 2508 348 2570 sit
372 2507 522 2570 acerbum
544 2511 714 2590 parentum
738 2504 855 2571 scelera
877 2505 1019 2570 filiorum
1038 2527 1113 2589 poe-

63 2621 88 2661 11
101 2597 153 2660 nis
176 2594 235 2680 lui3
262 2594 316 2658 sed
338 2595 400 2658 hoo
422 2594 582 2678 praeclare
604 2594 732 2678 legibus
755 2597 976 2676 comparatum
995 2597 1054 2677 est,
1075 2597 1113 2657 ut

103 2684 220 2748 caritas
247 2683 423 2746 liberorum
446 2682 611 2746 amiciores
635 2685 783 2765 parentes
806 2682 853 2744 111
875 2681 1022 2764 publicae
1044 2680 1113 2744 red-

103 2772 200 2836 deret.
242 2770 356 2854 Itaque
378 2770 516 2853 Lepidus
540 2770 676 2834 crudelis
698 2771 734 2832 in
755 2769 885 2855 11111111,
906 2790 973 2833 non
994 2770 1032 2852 is,
1056 2768 1112 2852 qui

101 2858 258 2943 Lepidum
279 2858 407 2923 hostem
430 2858 557 2922 iudicat.
602 2857 720 2942 Atque,
743 2857 798 2921 ille
822 2857 850 2922 si
873 2858 970 2921 armis
994 2857 1111 2939 positis

101 2948 140 3012 dc
163 2947 195 3011 vi
214 2946 382 3011 damnatus
402 2950 496 3032 esset,
518 2967 581 3029 quo
600 2946 636 3008 in
654 2945 771 3009 iudicio
790 2949 875 3009 certe
894 2944 1111 3008 defensionem

60 3062 87 3102 oo
100 3058 167 3100 non
188 3034 332 3121 haberet,
353 3034 485 3099 eandem
505 3033 720 3098 calamitatem
739 3033 884 3097 subirent
901 3033 997 3096 liberi
1015 3031 1110 3095 bonis

99 3123 280 3208 publicatis.
326 3122 538 3206 Quamquam,
570 3121 655 3205 quod
684 3125 741 3184 tua
763 3125 866 3186 mater
888 3124 921 3184 st
945 3140 1037 3183 soror
1059 3118 1110 3182 de
1192 3121 1193 3126 ’

99 3215 249 3296 precatur
272 3233 330 3294 pro
354 3212 471 3294 pueris,
494 3210 527 3273 id
549 3210 655 3292 ipsum
679 3213 710 3272 et
729 3209 832 3272 multa
851 3209 913 3272 alia
933 3205 1110 3271 crudeliora

98 3299 195 3364 nobis
225 3299 374 3362 omnibus
406 3298 561 3383 Lepidus,
596 3297 758 3361 Antonius
790 3300 822 3359 et
851 3295 969 3378 reliqui
997 3293 1109 3358 hostes

100 3387 298 3451 denuntiant.
334 3385 447 3470 Itaque
470 3386 642 3450 maximam
666 3407 754 3469 spem
772 3384 834 3448 hoc
851 3386 997 3464 tompore
1014 3381 1110 3446 habe-

59 3501 85 3541 11
99 3497 172 3538 mus
202 3475 238 3538 in
263 3478 296 3538 te
324 3478 420 3557 atque
450 3473 590 3538 exercitu
613 3477 679 3536 tuo.
725 3470 807 3536 Cum
831 3469 870 3534 ad
893 3469 1110 3552 reipublicae
