2578 3886
80 147 121 202 M.
141 147 251 202 TULLI
270 146 461 202 CICERONIS
480 147 593 203 EPIST.
607 147 658 202 AD
673 148 838 203 ATTICUM
852 150 903 203 XII
918 156 996 205 1-3.
1039 103 1106 214 553

83 312 161 376 ergo
187 299 268 375 opus'
294 295 362 356 erat
386 292 549 375 epistula?
582 292 680 376 Quid,
708 314 913 358 cumeorum
937 315 1048 358 sumus
1073 298 1105 357 et

83 380 256 463 garrimus,
280 380 433 463 quicquid
455 379 492 443 in
513 380 669 444 buccam?
701 380 764 444 nse
787 382 932 464 profecto
953 381 1105 465 quiddam

83 467 200 551 λέσχη,
229 490 310 552 quae
337 467 451 555 habet,
480 469 608 533 etiamsi
630 467 715 532 nihil
738 468 863 554 subest,
891 469 1105 534 collocutione

83 555 156 639 ipsa
180 556 382 620 suavitatem.

50 739 66 779 5
573 714 614 778 Π.

258 795 317 890 Βοὴ
330 835 436 890 Romae
453 841 517 890 unte
534 835 601 889 med.
616 852 650 889 m.
665 835 735 904 Apr.
751 853 776 890 c.
794 840 849 891 708
869 839 938 905 (46).

393 957 539 1013 CICERO
556 957 704 1013 ΑΤΤΙΟΟ
722 957 805 1014 SAL.

153 1065 219 1130 Hic
236 1060 382 1131 rumores
401 1071 511 1130 tamen
528 1065 677 1130 Murcum
695 1066 816 1149 perisse
835 1054 1016 1152 naufragia,
1034 1066 1106 1131 Asi·
1127 1084 1141 1132 1

83 1154 178 1218 nium
206 1154 348 1218 delatum
371 1155 482 1220 virum
509 1155 544 1218 in
567 1176 682 1218 manus
705 1154 863 1242 militum,
894 1173 917 1220 Ι,
940 1156 1031 1220 navis
1056 1155 1109 1220 de

37 1270 70 1307 ιο
84 1243 171 1307 latas
199 1241 329 1307 Uticam
360 1242 477 1307 reflatu
504 1242 580 1327 hoc,
612 1241 802 1326 Pompeium
829 1265 897 1308 non
923 1265 1108 1328 comparere

84 1351 146 1394 nec
163 1330 200 1393 in
217 1330 408 1396 Balearibus
428 1331 561 1395 omnino
579 1330 689 1415 trisse,
702 1335 741 1395 ut
758 1329 929 1396 Paciaecus
948 1332 1108 1397 adfirmat.

87 1416 289 1483 Sedauctor
311 1419 434 1483 nullius
458 1418 506 1482 rei
530 1419 709 1502 quisquam.
755 1418 880 1503 Habes,
908 1442 1003 1506 quae,
1031 1419 1108 1484 dum

85 1510 125 1570 tu
164 1507 255 1591 abes,
289 1507 392 1572 locuti
425 1508 499 1571 sint.
554 1506 638 1570 Ludi
670 1507 793 1571 interea
824 1506 1007 1572 Praeneste.
1056 1506 1142 1572 Ibia

85 1593 218 1658 Hirtius
241 1599 274 1659 et
292 1595 349 1659 isti
369 1616 487 1659 omnes,
521 1594 567 1658 Et
586 1594 717 1678 quidem
734 1594 804 1658 ludi
823 1595 891 1659 dies
910 1613 981 1659 vm.
1019 1595 1107 1671 Quae

40 1709 71 1749 15
85 1704 197 1767 cenae,
230 1705 311 1767 quae
344 1683 487 1748 deliciae!
524 1681 590 1746 Res
621 1683 745 1748 interea
776 1683 916 1748 fortasse
943 1686 1108 1747 transacta

86 1775 146 1835 est.
193 1769 220 1834 Ο
248 1771 349 1835 miros
376 1771 537 1835 homines!
573 1769 619 1834 At
642 1770 765 1834 Balbus
795 1771 954 1856 aedificat3
987 1774 1023 1835 τί
1042 1773 1106 1855 γὰρ

86 1859 179 1946 αὐτῷ
202 1858 306 1944 μέλας
337 1857 460 1924 Verum
484 1859 512 1923 si
537 1859 676 1944 quaeris,
698 1858 824 1922 homini
846 1881 913 1924 non
931 1863 1028 1943 recta,
1052 1859 1108 1922 scd

85 1948 271 2030 voluptaria
295 1947 462 2031 quaerenti
484 1969 591 2012 nonne
609 1948 789 2030 βεβίωταιῖ
826 1946 875 2014 Tu
893 1947 1018 2011 interea
1037 1946 1107 2010 dor-

84 2037 159 2100 mia
200 2035 270 2099 Iam
294 2035 518 2119 explicandum
542 2039 591 2099 est
614 2037 800 2121 πρόβλημα,
823 2035 851 2099 si
876 2034 953 2118 quid
976 2039 1107 2099 acturus

42 2151 71 2190 ao
85 2145 131 2190 ec.
179 2123 214 2189 si
238 2125 380 2208 quaene,
410 2123 488 2208 quid
510 2127 630 2207 putem,
660 2143 720 2208 ego
743 2124 887 2187 fructum
908 2127 997 2207 puto.
1045 2120 1108 2187 Sed

86 2212 167 2296 quid
189 2213 315 2276 multa?
352 2209 422 2275 lam
444 2216 477 2276 te
500 2211 615 2275 videbe
640 2214 673 2274 et
697 2211 841 2296 quidem,
868 2215 906 2276 ut
930 2233 1039 2296 spere,
1069 2211 1107 2275 de

84 2301 140 2365 via
173 2304 262 2364 recta
294 2299 334 2364 ad
365 2322 425 2364 me.
476 2299 581 2364 Simul
613 2299 699 2362 enim
733 2303 765 2363 et
798 2299 882 2362 diem
909 2299 1110 2383 Tyrannioni

85 2389 333 2472 constituemus,
356 2391 389 2451 et
412 2388 441 2454 si
465 2387 543 2471 quid
565 2386 660 2450 aliud.

566 2577 624 2644 III.

43 2715 70 2756 2⁶
251 2700 308 2756 Ser.
324 2703 355 2756 in
377 2701 533 2756 Tusculano
551 2701 609 2754 III
622 2702 666 2756 Id.
681 2702 747 2756 Iun.
763 2721 789 2757 a.
806 2705 861 2756 708
881 2705 951 2770 (46).

396 2824 543 2880 CICERO
560 2824 707 2880 ATTICO
726 2823 808 2879 SAL.

155 2933 267 3000 Unum
294 2938 328 2998 te
349 2938 430 3017 puto
453 2933 561 2998 minus
584 2933 739 2997 blandum
763 2954 951 3016 essequam
974 2955 1039 3016 me,
1065 2936 1099 2996 et
1129 2949 1143 2998 1

87 3024 117 3088 si
149 3027 288 3105 uterque,
318 3026 468 3086 nostrum
495 3025 545 3085 est
573 3021 746 3106 aliquando
776 3020 929 3085 adversus
959 3021 1109 3105 aliquem,

86 3113 175 3176 inter
198 3132 258 3175 nos
282 3115 367 3175 certe
389 3132 567 3194 numquam
590 3132 710 3173 sumus.
748 3108 835 3172 Audi
856 3109 959 3193 igitur
977 3130 1029 3172 me
1046 3108 1109 3172 hoc

46 3227 73 3266 ac
88 3199 298 3283 ἀγοητεύτως
321 3199 486 3262 dicentem.
532 3196 582 3262 Ne
605 3198 727 3282 vivam,
753 3197 799 3260 mi
821 3196 945 3280 Attice,
976 3197 1004 3259 si
1027 3195 1108 3259 mihi

86 3309 156 3352 non
189 3287 283 3351 modo
312 3287 543 3370 Tusculanum,
576 3285 633 3349 ubi
663 3285 827 3368 ceteroqui
858 3307 929 3348 sum
961 3283 1108 3370 libenter,

88 3377 145 3441 sed
167 3376 328 3462 μακάρων
349 3385 446 3458 νῆσοι
468 3374 554 3439 tanti
576 3377 662 3459 sunt,
684 3379 722 3438 ut
741 3373 810 3437 sine
829 3376 862 3436 te
882 3373 943 3436 sim
961 3375 1013 3434 tot
1031 3370 1107 3434 dies.

89 3463 195 3540 Quare
226 3463 404 3528 obduretur
432 3462 495 3526 hoc
522 3461 681 3546 triduum,
711 3465 748 3525 ut
775 3464 809 3523 te
837 3481 967 3543 quoque
988 3479 1109 3542 ponam

144 3577 191 3618 cro.
206 3577 273 3626 epist.
286 3577 318 3618 11.
912 3567 946 3614 23
