2586 3886
294 1025 352 1107 Μ.
376 1023 568 1106 TULLI
593 1022 935 1108 CICERONIS

231 1183 623 1259 EPISTULARUM
654 1183 725 1256 AD
757 1184 1003 1257 ATTICUM

437 1337 570 1404 LIBER
593 1337 793 1414 QUINTUS.

602 1620 627 1685 I.

75 1757 87 1796 s
183 1743 242 1799 Ser.
263 1742 424 1797 Menturnis
441 1743 499 1796 III
512 1749 562 1798 aut
576 1743 651 1812 prid.
670 1743 746 1797 Nou.
766 1741 839 1796 Mai.
860 1759 885 1795 a.
906 1745 961 1797 700
982 1744 1051 1810 (54).

431 1863 559 1920 CICERO
579 1864 712 1920 ATTICO
732 1864 806 1920 SAL.

175 1974 248 2060 Ego
271 1995 348 2039 vero
372 1977 404 2037 εὴ
427 1977 520 2039 tuum
538 1974 574 2038 in
593 1974 732 2038 discessu
751 1973 818 2039 vidi
838 1973 982 2038 animum
1001 1977 1033 2037 εὴ
1052 1995 1123 2038 meo
1144 1988 1160 2036 1

106 2087 182 2129 sum
207 2065 278 2145 ipse
304 2062 407 2126 testis.
458 2059 528 2137 Quo
555 2063 659 2146 magis
687 2062 749 2126 erit
775 2062 839 2126 tibi
866 2061 1052 2147 videndum,
1082 2083 1124 2126 no

107 2152 189 2237 quid
214 2150 291 2215 novi
320 2150 522 2234 decemaiur,
549 2154 586 2214 ui
612 2150 675 2214 hoc
697 2153 846 2217 nostrum
870 2150 1062 2214 desiderium
1083 2171 1124 2214 ne

68 2242 184 2324 ispius
208 2239 252 2303 sii
276 2261 425 2303 annuum.
466 2238 516 2302 De
537 2237 646 2303 Annio
671 2238 847 2303 Saturnino
871 2239 992 2302 curasti
1014 2238 1160 2322 proban

106 2329 158 2393 De
186 2327 266 2392 satis
295 2327 398 2391 dando
428 2349 504 2391 vero
528 2331 561 2390 te
583 2347 679 2411 rogo,
708 2327 815 2411 quoad
837 2327 900 2390 eris
923 2325 1060 2412 Romae,
1086 2330 1125 2391 iu

108 2421 147 2481 ut
170 2416 251 2480 sadis
274 2414 338 2480 des.
383 2414 429 2479 nt
452 2417 529 2479 suni
551 2415 676 2498 aliquoi
700 2415 927 2480 satisdationes
951 2414 1125 2479 secundum

108 2503 306 2586 mancipium
328 2503 429 2567 veluti
447 2502 694 2568 Mennianorum
716 2503 922 2586 praediorum
944 2503 997 2568 vel
1009 2502 1124 2567 Atilia-

108 2614 235 2658 norum.
279 2589 330 2655 De
357 2590 463 2675 Oppio
491 2593 613 2655 facium
641 2595 705 2674 esi,
732 2597 769 2656 ut
793 2591 894 2675 volui,
923 2594 956 2654 εὴ
986 2591 1125 2655 maximo

69 2706 96 2747 ιε
111 2680 198 2764 quod
210 2683 302 2744 15ch
320 2680 485 2762 aperuisti.
523 2679 611 2756 Quae
629 2679 759 2762 quidem
777 2700 837 2763 ego
856 2679 968 2763 utique
987 2679 1040 2743 vel
1056 2701 1125 2743 ver·

112 2791 186 2833 sura
213 2768 299 2833 facia
326 2767 409 2832 solvi
436 2768 524 2853 volu,
552 2790 592 2832 ne
621 2770 764 2832 extrema
788 2767 913 2832 exactio
936 2771 1124 2832 nostrorum

111 2857 280 2923 nominum
303 2859 513 2939 exspectetur.

177 2943 272 3009 Nunc
303 2945 397 3009 venio
431 2945 470 3008 ad
502 2948 722 3008 transversum
748 2943 842 3008 illum
871 2946 1032 3008 extremae
1061 2943 1161 3027 epi-3

113 3032 215 3097 stolae
238 3037 313 3097 tuae
335 3032 540 3118 versiculum,
562 3033 597 3096 in
620 3054 683 3116 quo
707 3053 759 3096 me
778 3032 929 3095 admones
949 3031 987 3096 de
1006 3053 1125 3096 sorore.

72 3119 199 3196 aoCuae
225 3143 277 3186 res
301 3143 335 3185 se
358 3121 404 3186 sic
424 3120 532 3184 habet.
578 3119 625 3185 Ut
648 3120 722 3185 veni
745 3119 780 3184 in
801 3119 960 3204 Arpinas,
988 3142 1062 3184 cum
1085 3119 1125 3183 ad

111 3232 162 3274 me
179 3210 279 3274 frater
297 3209 446 3294 misssi,
468 3209 504 3272 in
521 3209 639 3294 primis·
653 3209 749 3273 nobis
769 3229 873 3272 sermo
893 3207 984 3291 isque
1001 3208 1125 3272 multus

113 3296 151 3360 de
178 3301 211 3361 tc
238 3298 309 3362 fuit.
355 3297 407 3361 Ex
436 3318 500 3381 quo
529 3318 588 3382 ego
616 3297 690 3360 veni
714 3296 753 3360 ad
777 3318 828 3378 ea,
857 3317 938 3379 quae
962 3295 1125 3360 fueramus

112 3405 171 3469 ego
203 3389 236 3449 εὴ
267 3390 304 3449 tu
335 3385 421 3449 inter
448 3405 509 3449 nos
538 3385 576 3449 de
605 3406 715 3449 sorore
742 3385 777 3447 iu
805 3383 987 3448 Tusculano
1015 3383 1126 3447 locuti.

111 3470 204 3538 Nihil
230 3477 298 3538 iam
321 3474 389 3538 vidi
411 3473 505 3556 mite,
530 3472 615 3537 nihil
638 3477 706 3536 tam
729 3471 907 3557 placatum,
936 3474 1129 3554 quamtum

166 3585 328 3636 cidamum.
950 3577 966 3623 9
