2578 3886
189 143 254 208 354
520 142 558 197 Μ.
578 142 686 196 TULLI
705 141 897 197 CICERONIS

190 287 225 350 in
255 286 367 352 eodem
397 288 513 370 πάθεις
547 286 634 369 quod
663 285 711 350 ita
739 289 788 349 est
816 287 970 370 profecto.
1022 283 1086 349 Sed
1110 284 1212 348 velim

191 375 284 460 scire,
312 375 449 439 hodiene
478 374 590 438 statim
614 373 653 437 de
681 374 842 458 auctione,
871 378 903 438 et
928 395 992 458 quo
1016 373 1068 437 die
1090 373 1212 437 venias,

189 463 263 548 Ego
286 486 338 527 me
361 463 484 527 interea
506 484 580 526 cum
601 460 735 544 libellis3
759 484 794 526 ac
815 463 952 526 moleste
970 463 1039 528 fero
1058 461 1213 525 Vennoni

155 569 171 617 2
190 573 242 615 me
264 551 436 615 historiam
457 572 525 614 non
546 549 673 614 habere.
712 548 774 613 Sed
796 554 916 635 tamen,
938 572 979 614 ne
1001 549 1086 613 nihil
1110 551 1150 614 de
1171 571 1213 631 re,

181 661 308 704 nomen
329 639 424 722 illud,
455 637 541 722 quod
564 660 583 702 a
606 635 756 724 Caesare,
785 641 851 702 tres
874 638 973 702 habet
997 637 1212 721 condiciones,
1234 661 1242 700 5

190 731 247 792 aut
275 728 472 811 emptionem
500 726 540 789 ab
568 725 663 790 hasta
691 723 838 811 (perdere
867 727 966 810 malo,
1000 725 1061 789 etsi
1083 729 1214 810 praeter

190 817 295 900 ipsam
317 815 554 898 turpitudinem
575 813 638 878 hoc
661 815 769 897 ipsum
791 817 872 897 puto
894 835 964 878 esse
982 811 1130 900 perdere)
1157 817 1213 878 aut

192 902 427 988 delegationem
450 925 469 966 a
491 901 637 984 mancipe
661 923 768 965 annua
792 903 842 966 die
866 900 954 988 (quis
980 903 1051 985 erit,
1074 903 1127 967 cui
1148 924 1213 966 cre

191 991 277 1074 dam,
315 994 371 1055 aut
409 989 537 1074 quando
570 990 633 1054 iste
666 989 808 1054 Metonis
842 1012 945 1054 annus
978 989 1123 1077 veniet?)
1156 993 1212 1054 aut

112 1080 114 1085 ’
190 1079 335 1143 Vettieni
366 1078 551 1142 condicione
575 1078 751 1142 semissem.
789 1077 921 1156 Σκέψαι
944 1078 1055 1162 igitur.
1093 1077 1142 1142 Ac
1162 1099 1212 1141 ve
1224 1103 1243 1140 u

190 1189 277 1250 reor,
304 1187 344 1230 ne
374 1167 436 1230 istc
465 1167 531 1230 iam
553 1166 737 1230 auctionem
759 1167 884 1230 nullam
907 1167 1019 1250 faciat,
1048 1165 1104 1230 sed
1126 1166 1212 1229 ludis

189 1255 285 1318 factis
311 1252 440 1342 Ἀτύπςο
470 1255 615 1318 subsidio
644 1258 766 1338 currat,
797 1276 838 1318 ne
865 1255 942 1318 talis
970 1254 1021 1322 111
1049 1254 1212 1339 ἀλογηθῇ.

192 1342 418 1426 8011μο111101.
461 1342 511 1406 Tu
533 1341 687 1427 Atticam,
711 1364 841 1426 quaeso,
864 1365 941 1407 cura
965 1342 1050 1406 0101
1074 1342 1212 1406 salutem

192 1434 224 1494 ct
246 1429 347 1494 Piliae
371 1430 496 1494 Tulliae
520 1451 648 1513 quoque
671 1431 778 1495 verbis
801 1430 984 1514 plurimam.

673 1605 729 1670 IV.
1224 1627 1241 1666 15

388 1726 444 1780 Scr.
460 1727 492 1779 ia
513 1726 670 1780 Tusculano
688 1726 813 1780 11111111.
829 1745 855 1780 a.
873 1731 929 1781 708
949 1729 1019 1794 (46).

497 1848 644 1904 CICERO
662 1848 809 1903 ATTICO
827 1849 910 1903 SAL.

158 1977 172 2024 1
260 1957 287 2022 O
325 1961 435 2042 gratas
470 1960 544 2020 tuas
577 1956 659 2020 mihi
691 1956 911 2040 iucundaeque
942 1957 1084 2021 litteras!
1132 1954 1211 2032 Quid

194 2046 343 2130 quaeris?
385 2045 557 2108 restitutus
595 2048 644 2108 est
680 2045 761 2108 mihi
794 2044 861 2109 dies
891 2044 1026 2131 festus,
1058 2044 1211 2130 Angebar
1263 2079 1264 2100 1

194 2134 295 2217 enim,
326 2133 412 2216 quod
439 2132 516 2196 Tiro
545 2131 824 2219 ἐνερευθέστερον
850 2137 883 2196 10
917 2133 981 2197 sibi
1010 2155 1080 2197 esse
1108 2134 1240 2198 visumar

195 2223 327 2286 dixerat.
374 2220 500 2284 Addam
524 2220 636 2306 igitur,
658 2224 696 2284 ut
720 2242 840 2306 censes,
862 2242 962 2284 unum
986 2221 1079 2285 diem.

159 2329 175 2376 a
263 2307 325 2372 Sed
357 2309 395 2372 de
425 2307 548 2372 Catone
575 2311 751 2395 πρόβλημα
775 2307 1008 2395 Ἀρχιμήδειον
1035 2313 1092 2374 est.
1140 2307 1212 2374 Non

196 2399 363 2480 adsequor,
386 2400 423 2460 ut
447 2397 594 2482 scribam,
618 2396 705 2479 quod
727 2397 777 2461 tui
801 2397 954 2461 convivae
977 2418 1045 2462 non
1062 2397 1160 2462 modo
1178 2396 1212 2459 li-

195 2485 322 2570 benter,
355 2484 411 2548 sed
439 2486 536 2548 etiam
568 2505 669 2568 aequo
699 2485 806 2548 animo
829 2485 936 2569 legere
959 2486 1102 2569 possint,
1138 2485 1212 2569 quin

197 2574 302 2655 etiam,
326 2573 353 2636 si
377 2595 395 2636 a
418 2572 586 2636 sententiis
610 2573 678 2636 eius
703 2572 806 2657 dictis,
829 2573 856 2636 si
880 2572 920 2636 ab
941 2573 1029 2636 omni
1047 2574 1240 2638 voluntates

196 2660 413 2746 consiliisque,
432 2683 513 2744 quae
533 2660 571 2724 de
590 2682 624 2724 re
643 2660 772 2745 publica
789 2660 913 2745 habuit,
932 2661 1077 2725 recedam
1098 2667 1212 2739 ψιλῶς·
1263 2705 1264 2726 r

197 2770 259 2831 que
277 2748 375 2812 velim
393 2749 587 2832 gravitatem
607 2749 886 2832 constantiamque
905 2750 974 2813 cius
992 2749 1133 2834 laudare,
1154 2749 1211 2812 hoc

196 2838 304 2919 ipsum
336 2840 443 2901 tamen
476 2837 548 2900 istis
583 2837 729 2901 odiosum
762 2839 912 2920 ἄκουσμα
944 2837 995 2901 011,
1047 2835 1111 2902 Sed
1143 2856 1211 2901 1010
1263 2877 1264 2922 ,

195 2923 322 2988 laudari
345 2924 400 2987 1110
424 2925 473 2987 111
491 2946 558 2988 non
576 2929 695 3009 potest,
717 2925 782 2989 nisi
800 2925 878 2988 haec
897 2929 1012 2989 ornata
1030 2925 1107 3010 sint,
1130 2923 1211 3009 quod
1263 2939 1264 3000 1

196 3013 252 3076 1110
272 3034 318 3096 ea,
341 3033 422 3095 quae
441 3033 528 3076 nunc
547 3017 633 3095 sunt,
656 3017 688 3076 et
707 3014 818 3077 futura
835 3013 953 3077 viderit
972 3017 1015 3098 et,
1032 3035 1073 3077 ne
1090 3014 1210 3094 fierent,
1221 3032 1239 3072 a
1263 3005 1264 3016 ¹

197 3100 396 3165 contenderit
420 3103 460 3183 et,
488 3101 572 3164 facta
594 3123 635 3163 ne
657 3101 789 3184 videret,
812 3101 913 3165 vitam
935 3101 1113 3184 reliquerit.
1151 3100 1211 3164 Ho-

197 3211 270 3253 rum
303 3187 381 3272 quid
409 3192 472 3273 est,
505 3188 591 3271 quod
619 3187 734 3252 Aledio
765 3189 903 3273 probare
930 3190 1116 3272 possimus?
1155 3185 1211 3253 Sed
1263 3227 1264 3270 3

198 3300 289 3362 cura,
323 3276 469 3359 obsecro,
502 3279 539 3339 ut
571 3276 691 3362 valeas,
724 3299 870 3362 eamque,
903 3300 1000 3361 quam
1033 3277 1074 3341 ad
1106 3297 1210 3342 omnes

197 3387 248 3430 res
273 3364 413 3448 adhibes,
434 3365 468 3428 in
490 3363 604 3447 primis
629 3364 668 3427 ad
691 3365 977 3430 convalescendum
1001 3365 1119 3430 adhibe
1142 3388 1209 3450 pru·

199 3454 348 3517 dentiam.
584 3513 585 3518 ,
1221 3471 1239 3513 u
1263 3483 1264 3498 1
