2578 3886
145 160 211 222 312
459 159 509 213 M.
525 158 632 213 TULLI
651 157 840 213 CICERONIS

146 304 298 388 erebrius,
320 308 430 368 tamen
453 325 544 367 caros
567 303 676 387 habet,
698 324 749 366 me
769 302 899 386 quidem
919 324 953 366 se
971 303 1045 384 ipso
1067 302 1176 366 cario·

144 414 219 456 rem.
267 391 359 466 Quod
386 392 423 455 de
450 413 550 474 puero
579 392 673 454 aliter
704 391 745 455 ad
767 394 800 453 te
825 391 955 474 scripsit
979 393 1011 454 et
1036 390 1078 454 ad
1102 413 1176 453 ma-

144 483 227 544 trem
255 480 294 544 de
320 481 404 566 filio,
430 501 498 543 non
524 479 732 562 reprehendo.
778 477 829 542 De
854 479 969 560 Quinto
993 481 1104 560 fratre
1137 482 1176 541 et

145 567 183 631 de
202 589 312 632 sorore
331 590 413 651 quae
432 567 556 651 scribis,
574 568 712 631 molesta
731 571 808 631 sunt
828 589 929 651 eoque
947 567 1064 652 magis,
1079 567 1176 649 quod

145 678 182 719 ea
203 661 351 739 tempora
368 660 482 719 nostra
501 660 587 738 sunt,
610 660 648 719 ut
667 677 726 739 ego
745 655 786 718 iis
806 655 925 718 mederi
944 676 1011 718 non
1030 655 1172 738 possim.
1209 680 1222 720 5
1282 729 1283 732 Ἴ

143 743 229 808 Nam
258 747 343 807 certe
370 743 525 827 mederer3
556 743 624 828 sed,
652 744 770 827 quibus
799 743 835 806 in
861 742 956 806 malis
985 747 1017 806 et
1042 764 1108 826 qua
1133 743 1175 805 in

144 832 366 915 desperatione
388 853 497 895 rerum
521 832 631 915 simus,
655 831 753 895 vides.

108 937 124 984 2
210 918 272 984 Illa
291 920 329 982 de
347 919 474 982 ratione
490 919 670 984 nummaria
688 941 755 984 non
774 924 850 983 sunt
867 919 935 982 eius
945 918 1039 982 -modi
1053 915 1173 1004 (saepe

145 1008 229 1072 enim
258 1008 352 1071 audio
382 1029 421 1070 ex
448 1005 549 1093 ipso),
576 1012 613 1071 ut
636 1029 703 1072 non
727 1009 836 1090 cupiat
858 1007 921 1071 tibi
945 1011 1109 1090 praestare
1135 1011 1173 1070 et

144 1097 180 1158 in
202 1117 239 1160 eo
263 1096 398 1159 laboret,
437 1093 508 1178 Sed,
532 1096 560 1159 si
579 1096 660 1159 mihi
684 1094 719 1171 Q.
739 1096 843 1159 Axius
862 1096 898 1158 in
914 1094 976 1158 hac
994 1116 1066 1158 mea
1084 1095 1170 1178 fuga
1191 1123 1224 1161 ro

144 1182 201 1247 HS
229 1186 295 1246 {111-
321 1204 389 1247 non
415 1183 534 1267 reddit,
567 1205 648 1267 quae
675 1183 747 1246 dedi
776 1185 844 1247 eius
871 1183 940 1247 filio
968 1186 1098 1268 mutua,
1134 1187 1171 1246 et

145 1273 250 1334 utitur
273 1271 477 1336 excusatione
501 1273 668 1357 temporis,
692 1272 720 1334 si
743 1271 855 1357 Lepta,
879 1271 908 1335 si
931 1272 1043 1356 ceteri,
1072 1270 1167 1335 soleo

144 1360 269 1443 mirari,
297 1359 335 1424 de
361 1361 470 1424 nescio
500 1360 573 1443 quis
601 1358 657 1423 HS
685 1362 734 1422 Χῖ(
763 1382 836 1423 cum
867 1359 962 1423 audio
986 1381 1025 1423 ex
1048 1358 1105 1422 illo
1134 1381 1170 1423 se

145 1447 262 1532 urgeri.
299 1447 400 1512 Vides
423 1449 509 1512 enirn
531 1449 676 1531 profecto
701 1449 878 1532 angustias.
917 1446 1032 1512 Ourari
1054 1450 1170 1510 tamen

108 1614 110 1620 Ι
145 1558 181 1599 11
203 1535 266 1599 tibi
289 1537 403 1619 utique
429 1536 528 1600 iubet.
566 1535 619 1598 An
643 1537 810 1600 existimas
837 1536 931 1599 illum
959 1536 994 1598 in
1021 1535 1087 1598 isto
1110 1556 1169 1618 ge·
1187 1563 1220 1603 15

109 1641 220 1688 31111
246 1623 406 1687 lentulum
429 1627 485 1688 aut
509 1625 718 1688 restrictum?
752 1623 856 1688 Nemo
885 1627 934 1688 est
960 1624 1076 1687 minus.
1113 1622 1169 1688 De

144 1711 245 1776 fratre
269 1713 357 1776 satis.
750 1715 752 1719 ’

210 1799 260 1864 De
284 1801 352 1864 eius
375 1801 483 1865 iuoeae
505 1800 573 1864 filio
596 1799 733 1863 indulsit
756 1801 805 1864 illi
825 1798 955 1883 quidem
975 1820 1052 1862 suus
1072 1802 1171 1882 pater

145 1909 280 1971 semper,
311 1887 366 1951 sed
388 1909 456 1951 non
477 1888 556 1951 facit
579 1888 781 1972 indulgentia
803 1887 990 1951 mendacem
1013 1891 1069 1950 aut
1093 1909 1170 1952 ava-

144 1999 218 2039 rum
241 1979 297 2040 aut
317 1998 384 2040 non
402 1980 564 2040 amantem
584 1999 725 2060 suorum,
748 1977 887 2040 ferocem
906 1975 1045 2039 fortasse
1066 1979 1169 2059 atque
1185 2004 1216 2042 11

146 2068 350 2148 arrogantem
374 2067 406 2127 et
428 2064 584 2127 infestum
606 2064 692 2128 facit.
729 2063 847 2148 Itaque
869 2063 969 2127 habet
987 2063 1066 2127 haec
1085 2085 1170 2146 quo-

146 2173 218 2237 que,
236 2172 318 2234 quae
334 2157 511 2216 nascuntur
531 2174 569 2215 ex
588 2152 799 2238 induigentia,
822 2152 878 2216 sed
897 2174 934 2215 ea
953 2155 1030 2215 sunt
1049 2152 1170 2216 tolera-

144 2240 225 2303 bilia
260 2237 352 2326 (quid
389 2241 475 2303 enim
511 2238 651 2326 dicam?)
698 2240 759 2304 hac
793 2241 973 2326 iuventute3
1007 2261 1043 2303 ea
1079 2262 1170 2325 vero,

146 2327 330 2412 quaemihi
354 2329 491 2412 quidem,
519 2328 575 2410 qui
597 2328 692 2392 illum
715 2351 797 2410 amo,
820 2332 896 2392 sunt
918 2327 972 2391 his
994 2328 1075 2411 ipsis
1099 2351 1170 2392 ma·

144 2416 199 2500 lis,
227 2415 263 2479 in
291 2417 363 2500 quis
387 2438 512 2499 sumus,
527 2493 529 2498 Α
542 2415 722 2499 miseriora,
749 2438 817 2480 non
840 2419 917 2480 sunt
942 2416 981 2479 ab
1006 2416 1214 2500 obsequiosa

144 2508 267 2568 nostro,
303 2502 388 2567 Nam
412 2526 486 2568 suas
508 2503 630 2568 radices
652 2504 789 2588 habent3
814 2526 894 2588 quas
919 2507 1029 2568 tamen
1052 2505 1170 2569 evelle-

145 2614 214 2656 rem
245 2594 404 2675 profecto,
436 2592 464 2654 si
495 2590 614 2655 liceret.
668 2590 729 2656 Sed
760 2615 797 2656 ea
826 2596 974 2675 tempora
1005 2595 1096 2676 sunt,
1128 2598 1170 2657 ut

147 2680 255 2744 omnia
283 2679 364 2743 mihi
392 2679 458 2742 sint
485 2680 645 2763 patienda.
695 2680 769 2765 Ego
797 2702 905 2744 meum
934 2679 1027 2743 facile
1055 2683 1169 2767 tene03

146 2768 229 2831 nihil
251 2770 300 2830 est
324 2767 409 2830 enim
432 2775 469 2830 eo'
493 2768 704 2832 tractabilius.
742 2767 865 2844 Quoius
890 2768 1019 2850 quidem
1041 2769 1169 2832 miseri-

145 2856 254 2919 cordia
276 2854 478 2938 languidiora
502 2855 605 2920 adhuc
627 2856 762 2920 consilia
786 2856 855 2939 cepi
879 2860 921 2939 et,
950 2878 1014 2939 quo
1033 2856 1090 2920 ille
1113 2879 1168 2921 me
1183 2884 1212 2924 ao

145 2943 315 3007 certiorem
341 2942 413 3005 vult
440 2964 523 3027 esse,
555 2965 592 3007 eo
620 2945 724 3029 magis
748 2944 861 3030 timeo,
892 2964 933 3007 ne
957 2944 1167 3009 111111111-

147 3031 261 3094 sistam
284 3029 452 3095 crudelior.

109 3137 127 3184 4
214 3114 276 3180 Sed
299 3116 462 3182 Antonius
485 3119 574 3183 venit
596 3120 667 3183 heri
691 3115 843 3203 vesperis
866 3118 937 3183 Iam
959 3118 1101 3184 fortasse
1126 3121 1168 3184 ad

146 3228 197 3270 me
224 3205 331 3269 veniet
359 3211 415 3270 aut
441 3229 481 3270 ne
509 3208 542 3271 id
566 3208 707 3292 quidem,
736 3208 889 3292 quoniam
912 3207 1059 3294 scripsit,
1088 3208 1168 3291 quid

146 3294 217 3357 fieri
239 3293 344 3358 vellet.
391 3293 453 3358 Sed
477 3295 556 3359 scies
581 3297 744 3381 continuo,
769 3296 847 3379 quid
870 3299 979 3360 actum
1003 3295 1054 3360 sit.
1093 3293 1165 3360 Nos
1181 3323 1208 3363 as

146 3383 211 3446 iam
233 3380 317 3444 nihil
338 3382 403 3446 nisi
427 3383 558 3447 occulte.

213 3468 263 3532 Do
291 3471 400 3552 pueris
431 3472 509 3554 quid
538 3473 653 3556 agam?
694 3495 835 3555 parrone
860 3472 992 3557 navigio
1020 3473 1167 3536 commit-
