2564 3880
217 162 477 218 EPISTULARUM
495 164 547 216 AD
560 163 725 217 A'I'PIOUM
744 163 809 217 XIV
828 165 974 218 13—13B.
1041 167 1106 229 447

80 329 150 371 non
175 329 256 388 sum,
278 310 316 370 ut
334 306 516 393 intellegas,
539 306 654 389 quanti
673 306 758 389 apud
780 328 832 370 me
850 329 909 371 auc
910 308 1026 371 toritas
1050 313 1108 372 tua

81 387 136 478 sit,
162 399 259 478 atque
283 416 320 459 eo
344 398 377 458 te
400 394 643 478 placabiliorem
666 394 829 478 praebeas.

578 569 614 633 B.

308 690 365 745 Ser.
386 691 509 745 Puteola
531 690 578 743 VJ
591 691 629 744 K.
650 690 883 759 1111111001).

52 843 65 883 5
340 812 470 869 creuao
490 811 656 867 auroruo
677 812 751 868 cos
771 813 798 868 s.
817 813 851 868 0

153 921 246 997 Quod
272 943 397 986 mecum
424 943 483 1004 per
511 922 639 986 litteras
667 922 751 1023 agis,
779 944 877 986 unam
905 923 947 987 ob
976 939 1140 987 causam1

80 1010 214 1074 mallem
237 1031 345 1074 coram
372 1010 503 1096 egisses
548 1007 625 1073 Non
648 1010 735 1073 enim
759 1011 864 1074 solum
887 1033 926 1074 ex
951 1003 1105 1095 oratione,

82 1099 143 1162 sed
162 1099 260 1162 etiam
277 1120 317 1161 ex
340 1099 411 1162 vult
397 1102 434 1161 tu
452 1102 485 1161 et
504 1098 606 1162 oculis
629 1101 662 1161 et
680 1098 799 1184 fronte,
821 1103 859 1162 ut
878 1099 979 1182 aiunt,
997 1121 1105 1164 meum

82 1206 162 1270 erga
190 1190 224 1250 te
252 1207 393 1251 amorem
419 1186 601 1268 perspicere
628 1186 799 1268 potuisses.
845 1186 944 1271 Nam,
972 1209 1045 1251 cum
1073 1193 1106 1252 te

39 1303 66 1339 10
83 1296 211 1357 semper
234 1275 338 1338 amavi
357 1274 498 1357 primum
515 1278 573 1338 tuo
598 1273 715 1357 studia,
738 1278 814 1356 post
832 1275 931 1338 etiam
950 1276 1105 1340 beneficio

82 1368 293 1446 provocatus,
320 1365 391 1425 tum
417 1361 469 1425 his
499 1362 702 1445 temporibus
734 1383 785 1426 res
812 1362 942 1445 publica
969 1369 1002 1428 te
1024 1365 1106 1428 mihi

82 1451 132 1514 ita
142 1449 386 1533 commendavit,
398 1453 435 1513 ut
448 1449 604 1513 cariorem
612 1450 750 1513 habeam
763 1451 933 1515 neminem.
961 1451 1106 1516 Litterae
1124 1468 1139 1514 2

82 1560 160 1603 vero
197 1541 273 1602 tuae
309 1559 381 1601 cum
420 1538 639 1601 amantissime
675 1541 747 1602 tum
779 1537 1105 1604 honorificentissime

84 1627 225 1709 scriptae
244 1626 291 1690 sic
313 1647 364 1689 me
383 1626 578 1711 adfecerunt,
600 1629 638 1688 ut
656 1648 723 1690 non
741 1626 816 1690 dare
834 1627 897 1690 tibi
914 1627 1106 1690 beneficium

39 1741 67 1780 1⁵
82 1714 224 1799 viderer,
253 1713 309 1777 sed
339 1714 481 1797 accipere
514 1737 532 1777 a
563 1717 596 1777 te
627 1714 675 1777 ita
703 1717 847 1798 petente,
873 1717 911 1777 ut
938 1715 1105 1778 inimicum

81 1824 202 1887 meum,
219 1801 435 1866 necessarium
452 1805 546 1865 tuum
564 1823 615 1864 me
633 1801 737 1866 invito
757 1823 885 1866 servare
900 1802 1014 1887 nolles,
1032 1824 1106 1870 cum

81 1889 117 1954 id
139 1854 231 1954 nullo
258 1893 358 1974 negot
359 1890 391 1953 io
344 1890 523 1954 tfacere
549 1911 671 1973 posses.
717 1889 790 1974 Ego
818 1912 894 1954 vero
922 1890 1105 1975 tibit1stuc,
1125 1908 1140 1954 3

80 1978 128 2042 mi
156 1977 295 2061 Antoni,
327 1978 458 2041 remitto
489 1981 586 2060 atque
618 1977 678 2063 ita,
702 1982 739 2041 ut
765 1999 816 2042 me
844 2000 863 2041 a
883 1982 937 2079 te,
967 1999 1039 2043 cum
1062 1979 1104 2042 iis

83 2066 191 2130 verbis
216 2066 391 2149 scripseris
413 2066 640 2130 liberalissima
663 2069 760 2149 atque
778 2029 1003 2130 honorificent
979 2066 1105 2130 trssime

41 2181 67 2220 ro
83 2157 260 2218 tractatum
284 2153 474 2238 existimem,
497 2153 593 2237 idque
616 2176 689 2217 cum
712 2158 829 2239 totum,
853 2176 983 2238 quoquo
1008 2154 1105 2218 modo

83 2265 118 2306 se
140 2264 193 2306 res
216 2241 408 2328 haberet,t
394 2242 456 2305 tibi
484 2241 624 2305 dandum
652 2245 711 2324 put
713 2264 813 2321 arem,
843 2246 914 2311 tum
943 2243 983 2306 do
1008 2243 1106 2306 etiam

81 2330 279 2394 humanitati
298 2334 331 2394 et
348 2334 484 2393 naturae
502 2352 600 2395 meae.
646 2329 740 2393 Nihil
758 2330 844 2394 enim
862 2352 1016 2414 umquam
1038 2353 1106 2394 non

82 2417 180 2482 modo
200 2419 350 2482 acerbum
368 2417 404 2481 in
422 2439 474 2480 me
491 2417 564 2503 fuit,
583 2419 692 2482 sedne
711 2418 810 2501 paulo
828 2419 958 2502 quidem
976 2418 1106 2484 tristius

83 2510 140 2571 aut
163 2507 322 2590 severius,
352 2528 450 2589 quam
471 2505 645 2570 necessitas
668 2506 888 2589 reipublicae
914 2508 1104 2590 postulavit.

42 2620 68 2661 aa
82 2593 232 2678 Accedit,
259 2598 296 2658 ut
323 2616 364 2659 ne
391 2595 427 2658 in
453 2594 560 2677 ipsum
593 2595 722 2678 quidem
751 2593 900 2658 Clodium
927 2617 1036 2660 meum
1058 2596 1105 2660 in·

84 2684 177 2767 signe
201 2681 311 2746 odium
329 2683 429 2747 fuerit
446 2704 612 2766 umquam,
634 2704 822 2765 semperque
840 2683 888 2746 ita
906 2684 1017 2769 statui,
1039 2705 1106 2748 non

82 2793 152 2835 esse
176 2771 380 2835 insectandos
403 2771 608 2835 inimicorum
633 2770 763 2856 amicos,
786 2772 978 2854 praesertim
1001 2771 1105 2837 humi-

81 2859 192 2943 liores,
214 2880 272 2923 nec
293 2858 346 2922 his
369 2859 539 2942 praesidiis
561 2862 688 2923 nosmet
710 2859 800 2941 ipsos
820 2881 890 2923 esse
910 2860 1104 2943 spoliandos.

82 2945 170 3011 Nam
197 2946 236 3010 de
268 2968 368 3031 puero
399 2945 512 3011 Clodio
545 2951 618 3010 tuas
646 2951 755 3030 partes
785 2969 855 3012 esse
882 2949 1036 3031 arbitror,
1068 2952 1141 3011 ut4

43 3060 69 3100 ao
83 3036 154 3099 eius
183 3035 327 3099 animum
355 3038 515 3121 tenerum,
548 3057 644 3118 quem
671 3034 713 3098 ad
739 3035 870 3100 modum
903 3036 1032 3121 scribis,
1063 3035 1105 3099 iis

82 3122 292 3207 opinionibus
315 3123 452 3207 imbuas,
473 3128 511 3187 ut
532 3145 574 3187 ne
597 3145 677 3206 quas
695 3123 885 3188 inimicitias
908 3125 1047 3188 residere
1070 3123 1106 3186 in

81 3210 217 3275 familiis
246 3211 369 3276 nostris
397 3211 579 3276 arbitretur.
631 3209 790 3275 Contendi
818 3233 891 3276 cum
917 3211 951 3275 P.
981 3209 1105 3294 Clodio,

82 3321 156 3364 cum
172 3319 234 3384 ego
247 3299 410 3382 publicam
424 3321 562 3384 causam,
571 3299 626 3363 ille
641 3321 732 3362 suam
747 3299 937 3364 defenderet.
966 3296 1105 3362 Nostrae

82 3386 339 3452 concertationes
358 3409 409 3451 res
427 3387 557 3471 publica
575 3387 770 3452 diiudicarit.
818 3385 853 3451 Si
870 3388 1003 3471 viveret,
1025 3385 1106 3449 mihi

43 3499 69 3541 a
83 3498 158 3540 cum
176 3475 235 3538 illo
252 3475 343 3539 nulla
361 3475 526 3541 contentio
544 3475 610 3539 iam
627 3479 780 3540 maneret.
818 3473 932 3556 Quare,
951 3474 1105 3557 quoniam
1124 3489 1140 3538 5
