2578 3886
270 170 530 226 EPISTULARUM
548 172 599 226 AD
618 172 783 228 ATTIOUM
801 173 853 226 XII
873 179 986 229 14-17.
1075 175 1142 246 363Ι

584 403 672 468 XVI.

315 523 372 579 Sor.
387 524 508 580 Asturae
532 524 577 579 VI
590 525 635 579 Id.
652 525 740 580 Mart.
756 544 781 580 a.
798 529 853 580 709
873 529 942 594 (45).

424 647 571 702 CICERO
588 647 736 703 ATTICO
754 648 838 703 SAL.

184 753 230 819 Te
258 755 325 820 luis
353 755 495 841 negotiis
523 756 645 820 relictis
674 757 750 821 nolo
779 757 819 820 ad
848 756 1047 841 merorum,
1081 777 1142 840 ego

67 843 227 927 epatius
252 843 408 929 accedam,
432 844 460 907 si
484 843 607 908 diutius
631 845 814 929 impediere.
861 844 938 910 Etsi
960 865 1001 908 ne
1025 844 1141 908 disoes-

109 933 233 996 sissem
262 932 392 1016 quidem
420 953 437 996 e
465 937 640 1015 conspeetu
663 937 736 1018 tuo,
768 933 833 996 nisi
863 955 914 996 me
937 932 1033 1016 plane
1056 932 1141 996 nihil

107 1020 184 1084 ulla
211 1041 262 1083 res
287 1019 462 1084 adiuvaret.
510 1019 634 1096 Quodsi
657 1025 743 1086 esset
763 1021 895 1105 aliquod
917 1021 1077 1104 levamen,
1106 1021 1142 1084 id

111 1113 203 1176 esses
232 1108 267 1172 in
294 1113 327 1172 ie
354 1131 435 1194 uno,
468 1112 513 1193 el,
546 1131 620 1172 oum
649 1110 792 1192 primum
820 1109 860 1172 ab
885 1109 994 1193 aliquo
1018 1109 1143 1192 polerit

112 1218 202 1282 esse,
229 1219 248 1260 a
275 1199 308 1260 le
332 1197 401 1261 eril.
448 1194 544 1260 Nune
567 1201 678 1260 tamen
700 1199 808 1280 ipsum
832 1198 901 1262 sine
925 1201 958 1261 te
981 1218 1051 1262 esse
1074 1218 1141 1261 non

55 1307 259 1369 10possum.
312 1283 375 1349 Sed
405 1306 465 1348 neo
496 1289 572 1348 tuae
605 1285 692 1348 domi
719 1285 935 1370 probabatur,
965 1306 1025 1348 neo
1051 1307 1143 1349 meae

114 1377 265 1457 poteram
293 1394 364 1459 neo,
393 1373 421 1437 si
449 1374 583 1457 propius
608 1395 712 1438 essem
730 1374 872 1457 uspiam,
901 1377 1008 1437 lecum
1030 1377 1141 1437 lamen

116 1483 230 1526 essem.
276 1460 366 1525 Idem
395 1461 481 1526 enim
508 1466 542 1525 'se
572 1461 757 1546 impediret,
786 1484 850 1546 quo
877 1462 986 1525 minus
1014 1483 1141 1525 meeum

117 1571 216 1634 esses,
248 1550 335 1633 quod
366 1571 453 1614 nuno
485 1550 584 1614 eliam
615 1549 759 1633 impedit.
810 1549 894 1613 Mihi
925 1549 1010 1612 nihil
1037 1549 1144 1612 adhue

117 1639 227 1722 aplius
252 1638 316 1702 fuis
338 1637 400 1702 hae
423 1638 612 1722 solitudine3
646 1660 744 1721 quam
767 1659 879 1702 vereor
902 1659 943 1703 ne
965 1635 1140 1719 Philippus

65 1752 99 1793 1⁵
116 1727 222 1790 tollat.
273 1725 355 1790 Heri
388 1726 475 1790 enim
507 1726 633 1808 vesperi
665 1730 805 1791 venerab.
856 1725 910 1791 Me
941 1724 1075 1806 soriplio
1109 1727 1144 1787 el

115 1815 248 1880 litterae
269 1835 338 1878 non
359 1813 496 1900 leniunt,
519 1815 576 1880 sed
599 1813 786 1878 obturbant.

579 1988 683 2054 XVII.

319 2109 376 2165 Ser.
391 2109 513 2165 Asturae
531 2111 581 2164 IV
596 2111 640 2165 Id.
656 2109 746 2166 Mart.
761 2128 786 2164 a.
804 2113 858 2164 709
878 2113 947 2178 (45).

427 2233 574 2289 CICERO
590 2234 739 2289 ATTICO
758 2233 840 2288 SAL.

39 2369 41 2373 ·
73 2370 102 2410 aa
186 2342 371 2407 Marcianus
397 2341 437 2406 ad
459 2338 511 2405 me
536 2342 666 2426 seripsil
689 2363 741 2406 me
760 2345 948 2407 excusatum
967 2363 1037 2407 esse
1057 2343 1142 2426 apud

116 2431 319 2517 Appuleium
347 2453 366 2494 a
393 2430 580 2514 Laterense,
611 2428 758 2515 Nasone,
784 2429 939 2515 Laenate,
967 2430 1145 2518 Torquate,

120 2519 290 2585 Strabone.
341 2516 386 2582 Iis
419 2519 518 2582 velim
550 2540 623 2582 meo
650 2519 781 2583 nomine
810 2518 986 2582 reddendas
1014 2518 1144 2584 litteras

119 2629 213 2673 eures
241 2610 372 2691 gratum
399 2607 481 2671 mihi
509 2628 563 2670 eos
592 2606 713 2671 fecisse.
761 2605 854 2681 Quod
881 2628 940 2689 pro
969 2605 1144 2672 Cornificio

119 2719 173 2761 me
201 2695 319 2760 abhinc
346 2695 485 2778 amplius
516 2695 610 2760 annis
637 2712 711 2758 xxv
735 2694 948 2778 spopondisse
971 2695 1049 2759 dicit
1071 2693 1143 2760 Fla-

78 2809 105 2850 ²⁵
119 2785 273 2938 dliii}
276 2783 303 2847 ⁵³
313 2805 424 2936 ahl
436 2780 1145 2956 lssld{1eillllrplffhldllll

121 2924 379 3044 oonsponiorum
403 2959 535 3046 tabulis,
558 2960 642 3024 sitne
665 2960 713 3023 ita
738 2923 834 3045 (mihi
858 2959 944 3023 enim
968 2963 1042 3024 ante
1061 2959 1145 3022 aedi-

120 3050 250 3114 litatem
273 3069 379 3112 meam
397 3048 481 3111 nihil
500 3051 570 3112 eral
589 3069 662 3112 oum
682 3046 864 3112 Cornificio.
901 3046 1015 3111 Potest
1035 3051 1144 3110 lamen

121 3138 206 3222 fieri,
231 3137 287 3200 sed
306 3137 386 3201 seire
405 3139 529 3201 eertum
548 3134 671 3223 velim),
695 3139 727 3200 et
747 3135 889 3219 appelles
908 3139 1147 3221 procuratores,

81 3253 108 3292 oo
122 3227 152 3291 si
169 3225 233 3289 libi
251 3225 387 3288 videtur.
420 3223 623 3308 Quamquam
638 3223 716 3306 quid
735 3223 775 3286 ad
793 3225 867 3287 me?
885 3223 1008 3287 Verum
1026 3226 1144 3287 lamen.

121 3313 246 3378 Pansae
267 3313 502 3396 profectionem
526 3313 662 3396 scribes,
685 3333 759 3376 eum
779 3313 867 3375 seies.
914 3309 1060 3374 Atticam
1084 3310 1146 3374 sal·

121 3425 196 3467 vere
229 3401 305 3465 iube
337 3405 369 3464 el
397 3423 468 3464 eam
501 3422 591 3486 eura,
628 3399 775 3485 obsecro,
813 3399 992 3482 diligenter.
1043 3396 1146 3462 Piliae

123 3491 270 3556 salutem.
