<?xml version="1.0" encoding="UTF-8"?>
<!DOCTYPE html PUBLIC "-//W3C//DTD XHTML 1.0 Transitional//EN"
    "http://www.w3.org/TR/xhtml1/DTD/xhtml1-transitional.dtd">
<html xmlns="http://www.w3.org/1999/xhtml" xml:lang="en" lang="en">
 <head>
  <title>
</title>
<meta http-equiv="Content-Type" content="text/html;charset=utf-8" />
  <meta name='ocr-system' content='tesseract 3.04.00' />
  <meta name='ocr-capabilities' content='ocr_page ocr_carea ocr_par ocr_line ocrx_word'/>
</head>
<body>
  <div class='ocr_page' id='page_1' title='image "./scriptaquaemans00mullgoog_0588.png"; bbox 0 0 2564 3880; ppageno 0'>
   <div class='ocr_carea' id='block_1_1' title="bbox 269 178 1139 244">
    <p class='ocr_par' dir='ltr' id='par_1_1' title="bbox 269 178 1139 244">
     <span class='ocr_line' id='line_1_1' title="bbox 269 178 1139 244; baseline 0.015 -12"><span class='ocrx_word' id='word_1_1' title='bbox 269 178 528 233; x_wconf 73' lang='lat' dir='ltr'><strong>EPISTULARUM</strong></span> <span class='ocrx_word' id='word_1_2' title='bbox 547 179 597 232; x_wconf 86' lang='lat' dir='ltr'><strong>An</strong></span> <span class='ocrx_word' id='word_1_3' title='bbox 615 179 781 234; x_wconf 80' lang='lat' dir='ltr'>ATTIGUM</span> <span class='ocrx_word' id='word_1_4' title='bbox 799 179 865 234; x_wconf 90' lang='lat' dir='ltr'>XIII</span> <span class='ocrx_word' id='word_1_5' title='bbox 884 185 998 234; x_wconf 79' lang='lat'>39-42.</span> <span class='ocrx_word' id='word_1_6' title='bbox 1072 180 1139 244; x_wconf 79' lang='grc'><strong>425</strong></span> 
     </span>
    </p>
   </div>
   <div class='ocr_carea' id='block_1_2' title="bbox 163 373 1040 566">
    <p class='ocr_par' dir='ltr' id='par_1_2' title="bbox 163 373 1040 566">
     <span class='ocr_line' id='line_1_2' title="bbox 591 373 675 440; baseline 0 0"><span class='ocrx_word' id='word_1_7' title='bbox 591 373 675 440; x_wconf 84' lang='lat' dir='ltr'>XLI.</span> 
     </span>
     <span class='ocr_line' id='line_1_3' title="bbox 163 489 1040 566; baseline 0.002 -16"><span class='ocrx_word' id='word_1_8' title='bbox 163 489 165 494; x_wconf 72' lang='grc'><strong>’</strong></span> <span class='ocrx_word' id='word_1_9' title='bbox 225 495 282 551; x_wconf 80' lang='lat' dir='ltr'><strong>Ser.</strong></span> <span class='ocrx_word' id='word_1_10' title='bbox 297 497 329 551; x_wconf 78' lang='lat' dir='ltr'><strong>ia</strong></span> <span class='ocrx_word' id='word_1_11' title='bbox 350 497 507 550; x_wconf 77' lang='lat' dir='ltr'><strong>Tusculano</strong></span> <span class='ocrx_word' id='word_1_12' title='bbox 529 496 576 550; x_wconf 86' lang='lat' dir='ltr'><strong>VI</strong></span> <span class='ocrx_word' id='word_1_13' title='bbox 589 503 640 550; x_wconf 79' lang='lat' dir='ltr'><strong>aot</strong></span> <span class='ocrx_word' id='word_1_14' title='bbox 662 495 689 550; x_wconf 93' lang='lat' dir='ltr'><strong><em>V</em></strong></span> <span class='ocrx_word' id='word_1_15' title='bbox 704 495 748 550; x_wconf 86' lang='lat' dir='ltr'><strong>Id.</strong></span> <span class='ocrx_word' id='word_1_16' title='bbox 764 493 836 550; x_wconf 76' lang='lat' dir='ltr'><strong>Sext.</strong></span> <span class='ocrx_word' id='word_1_17' title='bbox 852 513 878 550; x_wconf 86' lang='lat' dir='ltr'><strong>a.</strong></span> <span class='ocrx_word' id='word_1_18' title='bbox 895 499 951 552; x_wconf 81' lang='lat'><strong>709</strong></span> <span class='ocrx_word' id='word_1_19' title='bbox 970 501 1040 566; x_wconf 75' lang='lat'><em>(45).</em></span> 
     </span>
    </p>
   </div>
   <div class='ocr_carea' id='block_1_3' title="bbox 427 617 838 674">
    <p class='ocr_par' dir='ltr' id='par_1_3' title="bbox 427 617 838 674">
     <span class='ocr_line' id='line_1_4' title="bbox 427 617 838 674; baseline 0 -1"><span class='ocrx_word' id='word_1_20' title='bbox 427 617 572 673; x_wconf 80' lang='lat' dir='ltr'>OIOERO</span> <span class='ocrx_word' id='word_1_21' title='bbox 589 617 737 674; x_wconf 78' lang='lat' dir='ltr'><strong>ATTIOO</strong></span> <span class='ocrx_word' id='word_1_22' title='bbox 754 618 838 674; x_wconf 75' lang='lat' dir='ltr'><strong><em>SAL.</em></strong></span> 
     </span>
    </p>
   </div>
   <div class='ocr_carea' id='block_1_4' title="bbox 5 724 1174 2047">
    <p class='ocr_par' dir='ltr' id='par_1_4' title="bbox 5 724 1174 2047">
     <span class='ocr_line' id='line_1_5' title="bbox 187 724 1173 812; baseline 0 -21"><span class='ocrx_word' id='word_1_23' title='bbox 187 725 261 812; x_wconf 81' lang='lat' dir='ltr'><strong>Ego</strong></span> <span class='ocrx_word' id='word_1_24' title='bbox 284 747 360 791; x_wconf 83' lang='lat' dir='ltr'><strong>vcro</strong></span> <span class='ocrx_word' id='word_1_25' title='bbox 380 725 500 802; x_wconf 84' lang='lat' dir='ltr'><strong>Quinto</strong></span> <span class='ocrx_word' id='word_1_26' title='bbox 522 727 697 812; x_wconf 75' lang='lat' dir='ltr'><strong>epistulam</strong></span> <span class='ocrx_word' id='word_1_27' title='bbox 715 726 756 792; x_wconf 89' lang='lat' dir='ltr'><strong>ad</strong></span> <span class='ocrx_word' id='word_1_28' title='bbox 774 748 919 791; x_wconf 85' lang='lat' dir='ltr'><strong>sororem</strong></span> <span class='ocrx_word' id='word_1_29' title='bbox 936 727 1019 795; x_wconf 88' lang='lat' dir='ltr'><strong>misi.</strong></span> <span class='ocrx_word' id='word_1_30' title='bbox 1057 724 1140 792; x_wconf 83' lang='lat' dir='ltr'><strong>Oum</strong></span> <span class='ocrx_word' id='word_1_31' title='bbox 1159 745 1173 792; x_wconf 90' lang='lat'>1</span> 
     </span>
     <span class='ocr_line' id='line_1_6' title="bbox 89 815 1140 899; baseline -0.002 -17"><span class='ocrx_word' id='word_1_32' title='bbox 89 815 175 882; x_wconf 85' lang='lat' dir='ltr'><strong>sille</strong></span> <span class='ocrx_word' id='word_1_33' title='bbox 203 818 390 899; x_wconf 87' lang='lat' dir='ltr'><strong>quereretur</strong></span> <span class='ocrx_word' id='word_1_34' title='bbox 418 815 487 879; x_wconf 89' lang='lat' dir='ltr'><strong>filio</strong></span> <span class='ocrx_word' id='word_1_35' title='bbox 515 837 588 880; x_wconf 90' lang='lat' dir='ltr'><strong>cum</strong></span> <span class='ocrx_word' id='word_1_36' title='bbox 618 819 720 879; x_wconf 87' lang='lat' dir='ltr'><strong>matre</strong></span> <span class='ocrx_word' id='word_1_37' title='bbox 742 816 865 880; x_wconf 87' lang='lat' dir='ltr'><strong>bellum</strong></span> <span class='ocrx_word' id='word_1_38' title='bbox 889 820 921 880; x_wconf 90' lang='lat' dir='ltr'><strong>et</strong></span> <span class='ocrx_word' id='word_1_39' title='bbox 945 837 979 879; x_wconf 87' lang='lat' dir='ltr'><strong>se</strong></span> <span class='ocrx_word' id='word_1_40' title='bbox 1003 815 1044 879; x_wconf 89' lang='lat' dir='ltr'><strong>ob</strong></span> <span class='ocrx_word' id='word_1_41' title='bbox 1069 837 1140 880; x_wconf 89' lang='lat' dir='ltr'><strong>eam</strong></span> 
     </span>
     <span class='ocr_line' id='line_1_7' title="bbox 118 903 1139 987; baseline 0 -20"><span class='ocrx_word' id='word_1_42' title='bbox 118 925 249 968; x_wconf 88' lang='lat' dir='ltr'><strong>causam</strong></span> <span class='ocrx_word' id='word_1_43' title='bbox 267 904 363 967; x_wconf 89' lang='lat' dir='ltr'><strong>domo</strong></span> <span class='ocrx_word' id='word_1_44' title='bbox 382 924 547 968; x_wconf 88' lang='lat' dir='ltr'><strong>cessurum</strong></span> <span class='ocrx_word' id='word_1_45' title='bbox 565 903 634 968; x_wconf 90' lang='lat' dir='ltr'><strong>filio</strong></span> <span class='ocrx_word' id='word_1_46' title='bbox 653 903 781 987; x_wconf 75' lang='lat' dir='ltr'><strong>fficeret,</strong></span> <span class='ocrx_word' id='word_1_47' title='bbox 803 903 870 968; x_wconf 87' lang='lat' dir='ltr'><strong>dixi</strong></span> <span class='ocrx_word' id='word_1_48' title='bbox 888 903 983 968; x_wconf 81' lang='lat' dir='ltr'><strong>illum</strong></span> <span class='ocrx_word' id='word_1_49' title='bbox 1001 925 1139 968; x_wconf 92' lang='lat' dir='ltr'><strong>commo-</strong></span> 
     </span>
     <span class='ocr_line' id='line_1_8' title="bbox 118 991 1140 1077; baseline 0 -21"><span class='ocrx_word' id='word_1_50' title='bbox 118 992 177 1056; x_wconf 90' lang='lat' dir='ltr'><strong>das</strong></span> <span class='ocrx_word' id='word_1_51' title='bbox 210 991 250 1055; x_wconf 89' lang='lat' dir='ltr'><strong>ad</strong></span> <span class='ocrx_word' id='word_1_52' title='bbox 281 995 419 1056; x_wconf 87' lang='lat' dir='ltr'><strong>matrem</strong></span> <span class='ocrx_word' id='word_1_53' title='bbox 450 991 592 1077; x_wconf 76' lang='lat' dir='ltr'><strong>litteras,</strong></span> <span class='ocrx_word' id='word_1_54' title='bbox 624 991 663 1056; x_wconf 85' lang='lat' dir='ltr'><strong>ad</strong></span> <span class='ocrx_word' id='word_1_55' title='bbox 691 995 724 1056; x_wconf 91' lang='lat' dir='ltr'><strong>te</strong></span> <span class='ocrx_word' id='word_1_56' title='bbox 751 992 867 1056; x_wconf 88' lang='lat' dir='ltr'><strong>nullas.</strong></span> <span class='ocrx_word' id='word_1_57' title='bbox 912 991 974 1056; x_wconf 79' lang='lat' dir='ltr'><strong>Ine</strong></span> <span class='ocrx_word' id='word_1_58' title='bbox 1002 992 1140 1056; x_wconf 88' lang='lat' dir='ltr'><strong>alterum</strong></span> 
     </span>
     <span class='ocr_line' id='line_1_9' title="bbox 117 1079 1159 1167; baseline 0 -23"><span class='ocrx_word' id='word_1_59' title='bbox 117 1080 309 1167; x_wconf 89' lang='lat' dir='ltr'><strong>mirabatur,</strong></span> <span class='ocrx_word' id='word_1_60' title='bbox 333 1079 371 1144; x_wconf 86' lang='lat' dir='ltr'><strong>dc</strong></span> <span class='ocrx_word' id='word_1_61' title='bbox 394 1083 427 1143; x_wconf 86' lang='lat' dir='ltr'><strong>te</strong></span> <span class='ocrx_word' id='word_1_62' title='bbox 450 1083 559 1144; x_wconf 88' lang='lat' dir='ltr'><strong>autem</strong></span> <span class='ocrx_word' id='word_1_63' title='bbox 583 1101 675 1144; x_wconf 85' lang='lat' dir='ltr'><strong>suam</strong></span> <span class='ocrx_word' id='word_1_64' title='bbox 690 1080 826 1164; x_wconf 89' lang='lat' dir='ltr'><strong>culpam,</strong></span> <span class='ocrx_word' id='word_1_65' title='bbox 850 1079 937 1165; x_wconf 90' lang='lat' dir='ltr'><strong>quod</strong></span> <span class='ocrx_word' id='word_1_66' title='bbox 955 1101 1050 1163; x_wconf 85' lang='lat' dir='ltr'><strong>saepe</strong></span> <span class='ocrx_word' id='word_1_67' title='bbox 1069 1085 1159 1165; x_wconf 57' lang='lat' dir='ltr'><strong>gra?</strong></span> 
     </span>
     <span class='ocr_line' id='line_1_10' title="bbox 117 1167 1138 1252; baseline 0 -20"><span class='ocrx_word' id='word_1_68' title='bbox 117 1168 204 1232; x_wconf 88' lang='lat' dir='ltr'><strong>viter</strong></span> <span class='ocrx_word' id='word_1_69' title='bbox 237 1167 276 1232; x_wconf 90' lang='lat' dir='ltr'><strong>ad</strong></span> <span class='ocrx_word' id='word_1_70' title='bbox 307 1167 412 1232; x_wconf 86' lang='lat' dir='ltr'><strong>filium</strong></span> <span class='ocrx_word' id='word_1_71' title='bbox 445 1167 627 1252; x_wconf 81' lang='lat' dir='ltr'><strong>scripsisset</strong></span> <span class='ocrx_word' id='word_1_72' title='bbox 658 1167 697 1232; x_wconf 88' lang='lat' dir='ltr'><strong>de</strong></span> <span class='ocrx_word' id='word_1_73' title='bbox 729 1172 787 1233; x_wconf 89' lang='lat' dir='ltr'><strong>tua</strong></span> <span class='ocrx_word' id='word_1_74' title='bbox 818 1168 854 1232; x_wconf 86' lang='lat' dir='ltr'><strong>iu</strong></span> <span class='ocrx_word' id='word_1_75' title='bbox 886 1169 979 1232; x_wconf 88' lang='lat' dir='ltr'><strong>illum</strong></span> <span class='ocrx_word' id='word_1_76' title='bbox 1011 1168 1138 1232; x_wconf 78' lang='lat' dir='ltr'><strong>Iniuria.</strong></span> 
     </span>
     <span class='ocr_line' id='line_1_11' title="bbox 74 1254 1139 1341; baseline -0.001 -20"><span class='ocrx_word' id='word_1_77' title='bbox 74 1283 103 1321; x_wconf 77' lang='grc' dir='ltr'><strong>ιο</strong></span> <span class='ocrx_word' id='word_1_78' title='bbox 119 1254 214 1332; x_wconf 85' lang='lat' dir='ltr'><strong>Quod</strong></span> <span class='ocrx_word' id='word_1_79' title='bbox 244 1259 351 1320; x_wconf 88' lang='lat' dir='ltr'><strong>autem</strong></span> <span class='ocrx_word' id='word_1_80' title='bbox 378 1255 578 1340; x_wconf 84' lang='lat' dir='ltr'><strong>relanguisse</strong></span> <span class='ocrx_word' id='word_1_81' title='bbox 606 1277 640 1320; x_wconf 87' lang='lat' dir='ltr'><strong>se</strong></span> <span class='ocrx_word' id='word_1_82' title='bbox 669 1255 759 1339; x_wconf 88' lang='lat' dir='ltr'><strong>dicit,</strong></span> <span class='ocrx_word' id='word_1_83' title='bbox 788 1277 848 1341; x_wconf 86' lang='lat' dir='ltr'><strong>ego</strong></span> <span class='ocrx_word' id='word_1_84' title='bbox 877 1257 907 1320; x_wconf 88' lang='lat' dir='ltr'><strong>ei</strong></span> <span class='ocrx_word' id='word_1_85' title='bbox 929 1257 996 1321; x_wconf 92' lang='lat' dir='ltr'><strong>tuis</strong></span> <span class='ocrx_word' id='word_1_86' title='bbox 1019 1257 1139 1320; x_wconf 88' lang='lat' dir='ltr'><strong>litteris</strong></span> 
     </span>
     <span class='ocr_line' id='line_1_12' title="bbox 5 1343 1140 1428; baseline 0 -20"><span class='ocrx_word' id='word_1_87' title='bbox 5 1361 7 1366; x_wconf 90' lang='grc'><strong><em>·</em></strong></span> <span class='ocrx_word' id='word_1_88' title='bbox 117 1344 212 1409; x_wconf 89' lang='lat' dir='ltr'><strong>lectis</strong></span> <span class='ocrx_word' id='word_1_89' title='bbox 235 1349 384 1420; x_wconf 79' lang='grc' dir='ltr'><em>σκολιαῖς</em></span> <span class='ocrx_word' id='word_1_90' title='bbox 407 1343 547 1420; x_wconf 77' lang='grc' dir='ltr'><em>ἀπάταις</em></span> <span class='ocrx_word' id='word_1_91' title='bbox 570 1343 750 1428; x_wconf 84' lang='lat' dir='ltr'><strong>significavi</strong></span> <span class='ocrx_word' id='word_1_92' title='bbox 773 1365 915 1408; x_wconf 86' lang='lat' dir='ltr'><strong>menon</strong></span> <span class='ocrx_word' id='word_1_93' title='bbox 939 1345 1009 1408; x_wconf 87' lang='lat' dir='ltr'><strong>fore</strong></span> <span class='ocrx_word' id='word_1_94' title='bbox 1028 1343 1047 1384; x_wconf 66' lang='lat'><strong>’⁸</strong></span> <span class='ocrx_word' id='word_1_95' title='bbox 1068 1348 1140 1408; x_wconf 91' lang='lat' dir='ltr'><strong>tum</strong></span> 
     </span>
     <span class='ocr_line' id='line_1_13' title="bbox 118 1430 1174 1518; baseline -0.001 -22"><span class='ocrx_word' id='word_1_96' title='bbox 118 1432 206 1496; x_wconf 91' lang='lat' dir='ltr'><strong>enim</strong></span> <span class='ocrx_word' id='word_1_97' title='bbox 229 1432 351 1496; x_wconf 91' lang='lat' dir='ltr'><strong>mentio</strong></span> <span class='ocrx_word' id='word_1_98' title='bbox 373 1430 485 1496; x_wconf 80' lang='lat' dir='ltr'><strong>Canae.</strong></span> <span class='ocrx_word' id='word_1_99' title='bbox 523 1431 673 1518; x_wconf 78' lang='lat' dir='ltr'><strong>omnine,</strong></span> <span class='ocrx_word' id='word_1_100' title='bbox 696 1433 724 1496; x_wconf 87' lang='lat' dir='ltr'><strong>si</strong></span> <span class='ocrx_word' id='word_1_101' title='bbox 747 1432 781 1496; x_wconf 90' lang='lat' dir='ltr'><strong>id</strong></span> <span class='ocrx_word' id='word_1_102' title='bbox 799 1432 972 1497; x_wconf 86' lang='lat' dir='ltr'><strong>consilium</strong></span> <span class='ocrx_word' id='word_1_103' title='bbox 989 1433 1140 1516; x_wconf 88' lang='lat' dir='ltr'><strong>placeret,</strong></span> <span class='ocrx_word' id='word_1_104' title='bbox 1159 1450 1174 1495; x_wconf 83' lang='lat'>2</span> 
     </span>
     <span class='ocr_line' id='line_1_14' title="bbox 119 1519 1140 1605; baseline -0.001 -20"><span class='ocrx_word' id='word_1_105' title='bbox 119 1524 206 1586; x_wconf 87' lang='lat' dir='ltr'><strong>esset</strong></span> <span class='ocrx_word' id='word_1_106' title='bbox 228 1540 371 1604; x_wconf 84' lang='lat' dir='ltr'><strong>necesse3</strong></span> <span class='ocrx_word' id='word_1_107' title='bbox 395 1521 460 1605; x_wconf 89' lang='lat' dir='ltr'><strong>sed,</strong></span> <span class='ocrx_word' id='word_1_108' title='bbox 482 1524 519 1584; x_wconf 94' lang='lat' dir='ltr'><strong>ut</strong></span> <span class='ocrx_word' id='word_1_109' title='bbox 543 1520 669 1604; x_wconf 88' lang='lat' dir='ltr'><strong>scribis,</strong></span> <span class='ocrx_word' id='word_1_110' title='bbox 691 1519 776 1584; x_wconf 91' lang='lat' dir='ltr'><strong>ratio</strong></span> <span class='ocrx_word' id='word_1_111' title='bbox 800 1524 850 1584; x_wconf 88' lang='lat' dir='ltr'><strong>est</strong></span> <span class='ocrx_word' id='word_1_112' title='bbox 869 1520 1017 1585; x_wconf 90' lang='lat' dir='ltr'><strong>habenda</strong></span> <span class='ocrx_word' id='word_1_113' title='bbox 1036 1521 1140 1604; x_wconf 79' lang='lat' dir='ltr'><strong>gravi-</strong></span> 
     </span>
     <span class='ocr_line' id='line_1_15' title="bbox 117 1607 1140 1692; baseline -0.001 -20"><span class='ocrx_word' id='word_1_114' title='bbox 117 1609 208 1692; x_wconf 80' lang='lat' dir='ltr'><strong>tatis,</strong></span> <span class='ocrx_word' id='word_1_115' title='bbox 232 1613 264 1672; x_wconf 87' lang='lat' dir='ltr'><strong>et</strong></span> <span class='ocrx_word' id='word_1_116' title='bbox 286 1608 457 1692; x_wconf 84' lang='lat' dir='ltr'><strong>utriusque</strong></span> <span class='ocrx_word' id='word_1_117' title='bbox 479 1613 629 1672; x_wconf 87' lang='lat' dir='ltr'><strong>nostrum</strong></span> <span class='ocrx_word' id='word_1_118' title='bbox 652 1607 737 1672; x_wconf 87' lang='lat' dir='ltr'><strong>idem</strong></span> <span class='ocrx_word' id='word_1_119' title='bbox 756 1609 927 1673; x_wconf 91' lang='lat' dir='ltr'><strong>consilium</strong></span> <span class='ocrx_word' id='word_1_120' title='bbox 946 1629 1017 1672; x_wconf 89' lang='lat' dir='ltr'><strong>esse</strong></span> <span class='ocrx_word' id='word_1_121' title='bbox 1036 1609 1140 1691; x_wconf 84' lang='lat' dir='ltr'><strong>debet,</strong></span> 
     </span>
     <span class='ocr_line' id='line_1_16' title="bbox 75 1694 1139 1780; baseline -0.001 -19"><span class='ocrx_word' id='word_1_122' title='bbox 75 1722 102 1763; x_wconf 85' lang='lat' dir='ltr'><strong>1s</strong></span> <span class='ocrx_word' id='word_1_123' title='bbox 117 1697 183 1760; x_wconf 89' lang='lat' dir='ltr'><strong>etsi</strong></span> <span class='ocrx_word' id='word_1_124' title='bbox 200 1696 235 1760; x_wconf 90' lang='lat' dir='ltr'><strong>in</strong></span> <span class='ocrx_word' id='word_1_125' title='bbox 253 1718 305 1761; x_wconf 89' lang='lat' dir='ltr'><strong>me</strong></span> <span class='ocrx_word' id='word_1_126' title='bbox 324 1697 489 1780; x_wconf 80' lang='lat' dir='ltr'><strong>graviores</strong></span> <span class='ocrx_word' id='word_1_127' title='bbox 507 1696 645 1760; x_wconf 90' lang='lat' dir='ltr'><strong>iniuriae</strong></span> <span class='ocrx_word' id='word_1_128' title='bbox 665 1700 697 1760; x_wconf 92' lang='lat' dir='ltr'><strong>et</strong></span> <span class='ocrx_word' id='word_1_129' title='bbox 716 1699 800 1760; x_wconf 87' lang='lat' dir='ltr'><strong>certe</strong></span> <span class='ocrx_word' id='word_1_130' title='bbox 818 1696 971 1761; x_wconf 88' lang='lat' dir='ltr'><strong>notiores.</strong></span> <span class='ocrx_word' id='word_1_131' title='bbox 1010 1694 1045 1760; x_wconf 85' lang='lat' dir='ltr'><strong>Si</strong></span> <span class='ocrx_word' id='word_1_132' title='bbox 1062 1718 1139 1760; x_wconf 85' lang='lat' dir='ltr'><strong>vero</strong></span> 
     </span>
     <span class='ocr_line' id='line_1_17' title="bbox 118 1782 1140 1869; baseline -0.001 -21"><span class='ocrx_word' id='word_1_133' title='bbox 118 1785 218 1849; x_wconf 91' lang='lat' dir='ltr'><strong>etiam</strong></span> <span class='ocrx_word' id='word_1_134' title='bbox 240 1783 364 1849; x_wconf 85' lang='lat' dir='ltr'><strong>Brutus</strong></span> <span class='ocrx_word' id='word_1_135' title='bbox 387 1785 510 1869; x_wconf 84' lang='lat' dir='ltr'><strong>aliquid</strong></span> <span class='ocrx_word' id='word_1_136' title='bbox 533 1784 663 1867; x_wconf 87' lang='lat' dir='ltr'><strong>adferet,</strong></span> <span class='ocrx_word' id='word_1_137' title='bbox 685 1785 776 1848; x_wconf 77' lang='lat' dir='ltr'><strong>nulla</strong></span> <span class='ocrx_word' id='word_1_138' title='bbox 799 1784 961 1849; x_wconf 90' lang='lat' dir='ltr'><strong>dubitatio</strong></span> <span class='ocrx_word' id='word_1_139' title='bbox 981 1787 1039 1848; x_wconf 87' lang='lat' dir='ltr'><strong>est.</strong></span> <span class='ocrx_word' id='word_1_140' title='bbox 1078 1782 1140 1849; x_wconf 82' lang='lat' dir='ltr'><strong>Sed</strong></span> 
     </span>
     <span class='ocr_line' id='line_1_18' title="bbox 118 1869 1139 1957; baseline -0.003 -19"><span class='ocrx_word' id='word_1_141' title='bbox 118 1895 237 1938; x_wconf 89' lang='lat' dir='ltr'><strong>coram.</strong></span> <span class='ocrx_word' id='word_1_142' title='bbox 287 1871 407 1957; x_wconf 78' lang='lat' dir='ltr'><strong>Magna</strong></span> <span class='ocrx_word' id='word_1_143' title='bbox 436 1873 522 1937; x_wconf 93' lang='lat' dir='ltr'><strong>enim</strong></span> <span class='ocrx_word' id='word_1_144' title='bbox 549 1894 602 1937; x_wconf 85' lang='lat' dir='ltr'><strong>ras</strong></span> <span class='ocrx_word' id='word_1_145' title='bbox 630 1876 662 1936; x_wconf 91' lang='lat' dir='ltr'><strong>et</strong></span> <span class='ocrx_word' id='word_1_146' title='bbox 689 1872 812 1937; x_wconf 88' lang='lat' dir='ltr'><strong>multae</strong></span> <span class='ocrx_word' id='word_1_147' title='bbox 842 1871 1012 1937; x_wconf 88' lang='lat' dir='ltr'><strong>cautionis.</strong></span> <span class='ocrx_word' id='word_1_148' title='bbox 1059 1869 1139 1937; x_wconf 83' lang='lat' dir='ltr'><strong>Oras</strong></span> 
     </span>
     <span class='ocr_line' id='line_1_19' title="bbox 117 1959 750 2047; baseline -0.002 -22"><span class='ocrx_word' id='word_1_149' title='bbox 117 1962 232 2047; x_wconf 83' lang='lat' dir='ltr'><strong>igitur,</strong></span> <span class='ocrx_word' id='word_1_150' title='bbox 254 1959 319 2024; x_wconf 89' lang='lat' dir='ltr'><strong>nisi</strong></span> <span class='ocrx_word' id='word_1_151' title='bbox 342 1960 421 2045; x_wconf 91' lang='lat' dir='ltr'><strong>quid</strong></span> <span class='ocrx_word' id='word_1_152' title='bbox 444 1983 463 2024; x_wconf 89' lang='lat' dir='ltr'><strong>a</strong></span> <span class='ocrx_word' id='word_1_153' title='bbox 486 1965 518 2024; x_wconf 89' lang='lat' dir='ltr'><strong>te</strong></span> <span class='ocrx_word' id='word_1_154' title='bbox 542 1964 750 2025; x_wconf 81' lang='lat' dir='ltr'><strong>commeatus.</strong></span> 
     </span>
    </p>
   </div>
   <div class='ocr_carea' id='block_1_5' title="bbox 578 2169 679 2236">
    <p class='ocr_par' dir='ltr' id='par_1_5' title="bbox 578 2169 679 2236">
     <span class='ocr_line' id='line_1_20' title="bbox 578 2169 679 2236; baseline 0.01 -1"><span class='ocrx_word' id='word_1_155' title='bbox 578 2169 679 2236; x_wconf 88' lang='lat' dir='ltr'>XLII.</span> 
     </span>
    </p>
   </div>
   <div class='ocr_carea' id='block_1_6' title="bbox 75 2291 968 2360">
    <p class='ocr_par' dir='ltr' id='par_1_6' title="bbox 75 2291 968 2360">
     <span class='ocr_line' id='line_1_21' title="bbox 75 2291 968 2360; baseline 0.002 -16"><span class='ocrx_word' id='word_1_156' title='bbox 75 2305 103 2344; x_wconf 80' lang='lat' dir='ltr'><strong>ao</strong></span> <span class='ocrx_word' id='word_1_157' title='bbox 295 2291 351 2347; x_wconf 78' lang='lat' dir='ltr'><strong>Ser.</strong></span> <span class='ocrx_word' id='word_1_158' title='bbox 367 2293 399 2346; x_wconf 80' lang='lat' dir='ltr'><strong>ia</strong></span> <span class='ocrx_word' id='word_1_159' title='bbox 416 2291 573 2346; x_wconf 76' lang='lat' dir='ltr'><strong>Tusculano</strong></span> <span class='ocrx_word' id='word_1_160' title='bbox 593 2309 633 2346; x_wconf 75' lang='lat' dir='ltr'><strong>aar.</strong></span> <span class='ocrx_word' id='word_1_161' title='bbox 649 2310 682 2345; x_wconf 84' lang='lat' dir='ltr'><strong>m.</strong></span> <span class='ocrx_word' id='word_1_162' title='bbox 698 2293 764 2346; x_wconf 85' lang='lat' dir='ltr'><strong>Deo.</strong></span> <span class='ocrx_word' id='word_1_163' title='bbox 780 2309 806 2345; x_wconf 83' lang='lat' dir='ltr'><strong>a.</strong></span> <span class='ocrx_word' id='word_1_164' title='bbox 823 2295 879 2346; x_wconf 88' lang='lat'><strong>709</strong></span> <span class='ocrx_word' id='word_1_165' title='bbox 898 2295 968 2360; x_wconf 80' lang='lat'><em>(45).</em></span> 
     </span>
    </p>
   </div>
   <div class='ocr_carea' id='block_1_7' title="bbox 427 2413 839 2470">
    <p class='ocr_par' dir='ltr' id='par_1_7' title="bbox 427 2413 839 2470">
     <span class='ocr_line' id='line_1_22' title="bbox 427 2413 839 2470; baseline -0.002 -1"><span class='ocrx_word' id='word_1_166' title='bbox 427 2413 573 2470; x_wconf 74' lang='lat' dir='ltr'>CICERO</span> <span class='ocrx_word' id='word_1_167' title='bbox 590 2414 738 2470; x_wconf 78' lang='lat' dir='ltr'><strong>ATTICO</strong></span> <span class='ocrx_word' id='word_1_168' title='bbox 756 2413 839 2470; x_wconf 73' lang='lat' dir='ltr'><strong><em>SAL.</em></strong></span> 
     </span>
    </p>
   </div>
   <div class='ocr_carea' id='block_1_8' title="bbox 77 2521 1241 3579">
    <p class='ocr_par' dir='ltr' id='par_1_8' title="bbox 77 2521 1241 3579">
     <span class='ocr_line' id='line_1_23' title="bbox 186 2521 1174 2609; baseline 0.001 -21"><span class='ocrx_word' id='word_1_169' title='bbox 186 2521 288 2588; x_wconf 85' lang='lat' dir='ltr'><strong>Venit</strong></span> <span class='ocrx_word' id='word_1_170' title='bbox 320 2523 376 2588; x_wconf 91' lang='lat' dir='ltr'><strong>ille</strong></span> <span class='ocrx_word' id='word_1_171' title='bbox 410 2523 451 2588; x_wconf 88' lang='lat' dir='ltr'><strong>ad</strong></span> <span class='ocrx_word' id='word_1_172' title='bbox 482 2544 535 2586; x_wconf 89' lang='lat' dir='ltr'><strong>me</strong></span> <span class='ocrx_word' id='word_1_173' title='bbox 566 2521 623 2588; x_wconf 80' lang='grc' dir='ltr'><strong>καὶ</strong></span> <span class='ocrx_word' id='word_1_174' title='bbox 655 2524 743 2606; x_wconf 79' lang='grc' dir='ltr'><em>μάλα</em></span> <span class='ocrx_word' id='word_1_175' title='bbox 775 2525 931 2607; x_wconf 78' lang='grc' dir='ltr'><strong><em>κατηφής.</em></strong></span> <span class='ocrx_word' id='word_1_176' title='bbox 986 2523 1033 2588; x_wconf 84' lang='lat' dir='ltr'><strong>Et</strong></span> <span class='ocrx_word' id='word_1_177' title='bbox 1066 2542 1174 2609; x_wconf 80' lang='lat' dir='ltr'><strong>ego:1</strong></span> 
     </span>
     <span class='ocr_line' id='line_1_24' title="bbox 120 2608 1140 2696; baseline 0.001 -19"><span class='ocrx_word' id='word_1_178' title='bbox 120 2613 186 2677; x_wconf 65' lang='lat' dir='ltr'><strong>‘Et</strong></span> <span class='ocrx_word' id='word_1_179' title='bbox 215 2608 253 2676; x_wconf 77' lang='grc' dir='ltr'><strong>δὲ</strong></span> <span class='ocrx_word' id='word_1_180' title='bbox 280 2613 322 2694; x_wconf 75' lang='grc' dir='ltr'><strong>δὴ</strong></span> <span class='ocrx_word' id='word_1_181' title='bbox 350 2615 386 2676; x_wconf 84' lang='grc' dir='ltr'><strong>τί</strong></span> <span class='ocrx_word' id='word_1_182' title='bbox 411 2611 582 2694; x_wconf 51' lang='lat' dir='ltr'><strong>edocens?</strong></span> <span class='ocrx_word' id='word_1_183' title='bbox 613 2610 770 2696; x_wconf 75' lang='lat' dir='ltr'><strong>‘Rogas?&#39;</strong></span> <span class='ocrx_word' id='word_1_184' title='bbox 806 2611 928 2696; x_wconf 89' lang='lat' dir='ltr'><strong>inquit,</strong></span> <span class='ocrx_word' id='word_1_185' title='bbox 956 2611 1045 2695; x_wconf 75' lang='lat' dir='ltr'><strong>‘quoi</strong></span> <span class='ocrx_word' id='word_1_186' title='bbox 1078 2613 1140 2678; x_wconf 88' lang='lat' dir='ltr'><strong>iter</strong></span> 
     </span>
     <span class='ocr_line' id='line_1_25' title="bbox 118 2697 1141 2782; baseline 0 -17"><span class='ocrx_word' id='word_1_187' title='bbox 118 2701 222 2765; x_wconf 86' lang='lat' dir='ltr'><strong>instet</strong></span> <span class='ocrx_word' id='word_1_188' title='bbox 250 2704 282 2763; x_wconf 91' lang='lat' dir='ltr'><strong>et</strong></span> <span class='ocrx_word' id='word_1_189' title='bbox 309 2700 373 2763; x_wconf 87' lang='lat' dir='ltr'><strong>iter</strong></span> <span class='ocrx_word' id='word_1_190' title='bbox 401 2699 441 2764; x_wconf 89' lang='lat' dir='ltr'><strong>ad</strong></span> <span class='ocrx_word' id='word_1_191' title='bbox 464 2697 588 2764; x_wconf 90' lang='lat' dir='ltr'><strong>bellum</strong></span> <span class='ocrx_word' id='word_1_192' title='bbox 611 2699 708 2782; x_wconf 90' lang='lat' dir='ltr'><strong>idque</strong></span> <span class='ocrx_word' id='word_1_193' title='bbox 732 2722 804 2764; x_wconf 93' lang='lat' dir='ltr'><strong>cum</strong></span> <span class='ocrx_word' id='word_1_194' title='bbox 827 2698 1047 2782; x_wconf 89' lang='lat' dir='ltr'><strong>periculosum</strong></span> <span class='ocrx_word' id='word_1_195' title='bbox 1070 2705 1141 2765; x_wconf 94' lang='lat' dir='ltr'><strong>tum</strong></span> 
     </span>
     <span class='ocr_line' id='line_1_26' title="bbox 77 2786 1140 2872; baseline -0.002 -17"><span class='ocrx_word' id='word_1_196' title='bbox 77 2814 104 2856; x_wconf 80' lang='lat' dir='ltr'><strong>aa</strong></span> <span class='ocrx_word' id='word_1_197' title='bbox 119 2788 219 2853; x_wconf 87' lang='lat' dir='ltr'><strong>ctiam</strong></span> <span class='ocrx_word' id='word_1_198' title='bbox 246 2788 365 2870; x_wconf 79' lang='lat' dir='ltr'><strong>turpet&#39;</strong></span> <span class='ocrx_word' id='word_1_199' title='bbox 408 2787 507 2863; x_wconf 74' lang='lat' dir='ltr'><strong>‘Quae</strong></span> <span class='ocrx_word' id='word_1_200' title='bbox 534 2787 584 2852; x_wconf 82' lang='lat' dir='ltr'><strong>vis</strong></span> <span class='ocrx_word' id='word_1_201' title='bbox 606 2786 744 2871; x_wconf 54' lang='lat' dir='ltr'><strong>igitur?</strong></span> <span class='ocrx_word' id='word_1_202' title='bbox 776 2788 918 2870; x_wconf 89' lang='lat' dir='ltr'><strong>inquam.</strong></span> <span class='ocrx_word' id='word_1_203' title='bbox 965 2787 1064 2872; x_wconf 74' lang='lat' dir='ltr'><strong>‘Aes&#39;,</strong></span> <span class='ocrx_word' id='word_1_204' title='bbox 1093 2790 1140 2853; x_wconf 90' lang='lat' dir='ltr'><strong>in-</strong></span> 
     </span>
     <span class='ocr_line' id='line_1_27' title="bbox 120 2876 1140 2960; baseline 0.002 -20"><span class='ocrx_word' id='word_1_205' title='bbox 120 2877 205 2960; x_wconf 89' lang='lat' dir='ltr'><strong>quit,</strong></span> <span class='ocrx_word' id='word_1_206' title='bbox 235 2876 389 2940; x_wconf 79' lang='lat' dir='ltr'><strong>‘alienum</strong></span> <span class='ocrx_word' id='word_1_207' title='bbox 417 2879 449 2940; x_wconf 87' lang='lat' dir='ltr'><strong>et</strong></span> <span class='ocrx_word' id='word_1_208' title='bbox 481 2880 591 2939; x_wconf 87' lang='lat' dir='ltr'><strong>tamen</strong></span> <span class='ocrx_word' id='word_1_209' title='bbox 617 2897 659 2938; x_wconf 87' lang='lat' dir='ltr'><strong>ne</strong></span> <span class='ocrx_word' id='word_1_210' title='bbox 688 2876 843 2940; x_wconf 84' lang='lat' dir='ltr'><strong>viaticum</strong></span> <span class='ocrx_word' id='word_1_211' title='bbox 871 2876 1022 2959; x_wconf 69' lang='lat' dir='ltr'><strong>quidem?</strong></span> <span class='ocrx_word' id='word_1_212' title='bbox 1068 2876 1140 2942; x_wconf 88' lang='lat' dir='ltr'><strong>Hoc</strong></span> 
     </span>
     <span class='ocr_line' id='line_1_28' title="bbox 119 2964 1241 3050; baseline 0 -22"><span class='ocrx_word' id='word_1_213' title='bbox 119 2965 191 3029; x_wconf 92' lang='lat' dir='ltr'><strong>loco</strong></span> <span class='ocrx_word' id='word_1_214' title='bbox 216 2985 276 3049; x_wconf 86' lang='lat' dir='ltr'><strong>ego</strong></span> <span class='ocrx_word' id='word_1_215' title='bbox 301 2964 424 3047; x_wconf 88' lang='lat' dir='ltr'><strong>sumpsi</strong></span> <span class='ocrx_word' id='word_1_216' title='bbox 447 2964 600 3047; x_wconf 86' lang='lat' dir='ltr'><strong>quiddam</strong></span> <span class='ocrx_word' id='word_1_217' title='bbox 625 2964 663 3027; x_wconf 90' lang='lat' dir='ltr'><strong>de</strong></span> <span class='ocrx_word' id='word_1_218' title='bbox 686 2967 744 3028; x_wconf 89' lang='lat' dir='ltr'><strong>tua</strong></span> <span class='ocrx_word' id='word_1_219' title='bbox 767 2964 965 3050; x_wconf 69' lang='lat' dir='ltr'><strong>eloquentia,</strong></span> <span class='ocrx_word' id='word_1_220' title='bbox 994 2987 1071 3028; x_wconf 89' lang='lat' dir='ltr'><strong>nam</strong></span> <span class='ocrx_word' id='word_1_221' title='bbox 1094 2969 1141 3028; x_wconf 87' lang='lat' dir='ltr'><strong>ta-</strong></span> <span class='ocrx_word' id='word_1_222' title='bbox 1239 3042 1241 3046; x_wconf 19' lang='grc' dir='ltr'>ι</span> 
     </span>
     <span class='ocr_line' id='line_1_29' title="bbox 120 3050 1140 3137; baseline -0.002 -19"><span class='ocrx_word' id='word_1_223' title='bbox 120 3055 181 3118; x_wconf 84' lang='lat' dir='ltr'><strong>cui.</strong></span> <span class='ocrx_word' id='word_1_224' title='bbox 237 3051 284 3116; x_wconf 84' lang='lat' dir='ltr'><strong>At</strong></span> <span class='ocrx_word' id='word_1_225' title='bbox 320 3053 389 3116; x_wconf 85' lang='lat' dir='ltr'><strong>ille:</strong></span> <span class='ocrx_word' id='word_1_226' title='bbox 436 3052 512 3117; x_wconf 71' lang='lat' dir='ltr'><strong>‘Sed</strong></span> <span class='ocrx_word' id='word_1_227' title='bbox 547 3073 599 3114; x_wconf 93' lang='lat' dir='ltr'><strong>me</strong></span> <span class='ocrx_word' id='word_1_228' title='bbox 635 3053 776 3117; x_wconf 85' lang='lat' dir='ltr'><strong>maxime</strong></span> <span class='ocrx_word' id='word_1_229' title='bbox 813 3053 905 3137; x_wconf 79' lang='lat' dir='ltr'><strong>angit</strong></span> <span class='ocrx_word' id='word_1_230' title='bbox 942 3050 1140 3117; x_wconf 70' lang='lat' dir='ltr'><strong>avunculus?</strong></span> 
     </span>
     <span class='ocr_line' id='line_1_30' title="bbox 120 3139 1140 3226; baseline -0.002 -21"><span class='ocrx_word' id='word_1_231' title='bbox 120 3141 330 3218; x_wconf 49' lang='lat' dir='ltr'><strong>‘Quidnamd</strong></span> <span class='ocrx_word' id='word_1_232' title='bbox 367 3140 510 3224; x_wconf 88' lang='lat' dir='ltr'><strong>inquam.</strong></span> <span class='ocrx_word' id='word_1_233' title='bbox 547 3139 652 3215; x_wconf 74' lang='lat' dir='ltr'><strong>‘Quod</strong></span> <span class='ocrx_word' id='word_1_234' title='bbox 669 3140 773 3226; x_wconf 86' lang='lat' dir='ltr'><strong>mihi&#39;,</strong></span> <span class='ocrx_word' id='word_1_235' title='bbox 794 3141 911 3224; x_wconf 86' lang='lat' dir='ltr'><strong>inquit,</strong></span> <span class='ocrx_word' id='word_1_236' title='bbox 935 3141 1050 3204; x_wconf 78' lang='lat' dir='ltr'><strong>‘iratus</strong></span> <span class='ocrx_word' id='word_1_237' title='bbox 1069 3142 1140 3204; x_wconf 83' lang='lat' dir='ltr'><strong>est&#39;</strong></span> 
     </span>
     <span class='ocr_line' id='line_1_31' title="bbox 80 3227 1141 3314; baseline -0.002 -21"><span class='ocrx_word' id='word_1_238' title='bbox 80 3255 106 3294; x_wconf 82' lang='lat' dir='ltr'><strong>so</strong></span> <span class='ocrx_word' id='word_1_239' title='bbox 121 3228 200 3293; x_wconf 71' lang='lat' dir='ltr'><strong>‘Cur</strong></span> <span class='ocrx_word' id='word_1_240' title='bbox 222 3229 383 3312; x_wconf 57' lang='lat' dir='ltr'><strong>materis?</strong></span> <span class='ocrx_word' id='word_1_241' title='bbox 416 3230 564 3314; x_wconf 90' lang='lat' dir='ltr'><strong>inquam,</strong></span> <span class='ocrx_word' id='word_1_242' title='bbox 592 3227 688 3292; x_wconf 80' lang='lat' dir='ltr'><strong>‘malo</strong></span> <span class='ocrx_word' id='word_1_243' title='bbox 718 3229 803 3292; x_wconf 90' lang='lat' dir='ltr'><strong>enim</strong></span> <span class='ocrx_word' id='word_1_244' title='bbox 834 3229 882 3293; x_wconf 93' lang='lat' dir='ltr'><strong>ita</strong></span> <span class='ocrx_word' id='word_1_245' title='bbox 910 3228 1013 3292; x_wconf 91' lang='lat' dir='ltr'><strong>dicere</strong></span> <span class='ocrx_word' id='word_1_246' title='bbox 1044 3249 1141 3311; x_wconf 93' lang='lat' dir='ltr'><strong>quam</strong></span> 
     </span>
     <span class='ocr_line' id='line_1_32' title="bbox 121 3315 1142 3402; baseline -0.001 -21"><span class='ocrx_word' id='word_1_247' title='bbox 121 3339 177 3382; x_wconf 91' lang='lat' dir='ltr'><strong>cur</strong></span> <span class='ocrx_word' id='word_1_248' title='bbox 205 3316 416 3381; x_wconf 81' lang='lat' dir='ltr'><strong>committis?’</strong></span> <span class='ocrx_word' id='word_1_249' title='bbox 456 3315 546 3380; x_wconf 74' lang='lat' dir='ltr'><strong>‘Non</strong></span> <span class='ocrx_word' id='word_1_250' title='bbox 572 3316 699 3402; x_wconf 87' lang='lat' dir='ltr'><strong>patiar&#39;,</strong></span> <span class='ocrx_word' id='word_1_251' title='bbox 733 3317 853 3400; x_wconf 89' lang='lat' dir='ltr'><strong>inquit,</strong></span> <span class='ocrx_word' id='word_1_252' title='bbox 885 3317 1027 3380; x_wconf 74' lang='lat' dir='ltr'><strong>‘causam</strong></span> <span class='ocrx_word' id='word_1_253' title='bbox 1055 3317 1142 3380; x_wconf 80' lang='lat' dir='ltr'><strong>enim</strong></span> 
     </span>
     <span class='ocr_line' id='line_1_33' title="bbox 120 3403 1141 3489; baseline -0.002 -19"><span class='ocrx_word' id='word_1_254' title='bbox 120 3407 257 3470; x_wconf 68' lang='lat' dir='ltr'><strong>tollam?</strong></span> <span class='ocrx_word' id='word_1_255' title='bbox 302 3403 348 3469; x_wconf 80' lang='lat' dir='ltr'><strong>Et</strong></span> <span class='ocrx_word' id='word_1_256' title='bbox 376 3425 449 3489; x_wconf 82' lang='lat' dir='ltr'><strong>ego:</strong></span> <span class='ocrx_word' id='word_1_257' title='bbox 482 3403 694 3468; x_wconf 79' lang='lat' dir='ltr'><strong>‘Rectissume</strong></span> <span class='ocrx_word' id='word_1_258' title='bbox 723 3405 866 3488; x_wconf 81' lang='lat' dir='ltr'><strong>quidem3</strong></span> <span class='ocrx_word' id='word_1_259' title='bbox 890 3405 960 3488; x_wconf 86' lang='lat' dir='ltr'><strong>scd,</strong></span> <span class='ocrx_word' id='word_1_260' title='bbox 989 3405 1017 3468; x_wconf 89' lang='lat' dir='ltr'><strong>si</strong></span> <span class='ocrx_word' id='word_1_261' title='bbox 1044 3425 1141 3488; x_wconf 84' lang='lat' dir='ltr'><strong>grave</strong></span> 
     </span>
     <span class='ocr_line' id='line_1_34' title="bbox 120 3490 1142 3579; baseline -0.001 -22"><span class='ocrx_word' id='word_1_262' title='bbox 120 3515 187 3558; x_wconf 90' lang='lat' dir='ltr'><strong>non</strong></span> <span class='ocrx_word' id='word_1_263' title='bbox 216 3497 280 3579; x_wconf 88' lang='lat' dir='ltr'><strong>est,</strong></span> <span class='ocrx_word' id='word_1_264' title='bbox 311 3492 409 3557; x_wconf 80' lang='lat' dir='ltr'><strong>veiim</strong></span> <span class='ocrx_word' id='word_1_265' title='bbox 437 3492 530 3577; x_wconf 90' lang='lat' dir='ltr'><strong>scire,</strong></span> <span class='ocrx_word' id='word_1_266' title='bbox 563 3491 641 3574; x_wconf 92' lang='lat' dir='ltr'><strong>quid</strong></span> <span class='ocrx_word' id='word_1_267' title='bbox 669 3493 713 3556; x_wconf 91' lang='lat' dir='ltr'><strong>sit</strong></span> <span class='ocrx_word' id='word_1_268' title='bbox 742 3492 877 3556; x_wconf 68' lang='lat' dir='ltr'><strong>causae?</strong></span> <span class='ocrx_word' id='word_1_269' title='bbox 924 3490 1032 3579; x_wconf 60' lang='lat' dir='ltr'><strong>‘Quia</strong></span> <span class='ocrx_word' id='word_1_270' title='bbox 1065 3492 1142 3556; x_wconf 93' lang='lat' dir='ltr'><strong>dum</strong></span> 
     </span>
    </p>
   </div>
   <div class='ocr_carea' id='block_1_9' title="bbox 0 0 1289 3880">
    <p class='ocr_par' dir='ltr' id='par_1_9' title="bbox 0 0 1289 3880">
     <span class='ocr_line' id='line_1_35' title="bbox 0 0 1289 3880; baseline 0 0"><span class='ocrx_word' id='word_1_271' title='bbox 0 0 1289 3880; x_wconf 95' lang='lat' dir='ltr'><strong> </strong></span> 
     </span>
    </p>
   </div>
  </div>
 </body>
</html>
