2586 3886
169 170 234 234 120
491 169 528 222 Μ.
548 167 656 222 TULLI
675 165 863 221 CICERONIS

168 317 231 396 est;
261 313 397 396 pecunia
425 313 570 376 omnium
599 311 794 395 dignitatem
822 313 988 393 exaequat.
1034 307 1196 372 Messalla

168 402 310 485 languet,
332 422 400 465 non
418 423 482 483 quo
502 404 559 464 aut
578 400 703 463 animus
719 399 802 462 desit
817 402 873 462 aut
888 397 992 482 amici,
1014 397 1070 460 sed
1087 397 1192 461 coitio

169 489 337 553 consulum
359 495 387 553 et
408 486 582 570 Pompeius
606 486 733 551 obsunt.
779 485 829 550 Ea
857 486 988 550 comitia
1015 489 1094 568 puto
1118 485 1193 548 fore

169 581 206 642 ut
230 576 395 642 ducantur.
441 575 621 640 Tribunicii
640 574 800 639 candidati
823 574 972 638 iurarunt
993 594 1027 636 se
1052 573 1193 637 arbitrio

170 663 303 730 Catonis
326 665 496 748 petituros.
542 663 640 746 Apud
667 685 741 726 eum
764 660 820 726 HS
844 662 1006 746 quingena
1034 661 1192 744 deposue
1221 686 1236 726 a

168 757 256 837 runt,
278 757 324 836 ut,
347 753 404 836 qui
427 775 446 816 a
469 750 591 816 Catone
614 752 784 815 damnatus
807 754 905 834 esset,
928 751 961 813 id
983 750 1132 833 perderet
1158 752 1193 814 et

171 841 439 924 competitoribus
463 840 668 904 tribueretur.

134 947 150 995 8
236 928 325 992 Haec
348 949 408 1014 ego
432 927 535 1012 pridie
555 928 743 1012 scribebam,
765 948 864 1010 quam
881 926 1012 990 comitia
1035 925 1098 1010 [in]
1117 926 1192 990 fore

169 1016 378 1101 putabantur.
428 1013 491 1080 Sed
520 1016 561 1080 ad
590 1019 635 1099 te,
666 1016 782 1099 quinto
805 1014 877 1079 Kal.
909 1012 1021 1078 Sextil
1045 1013 1074 1078 si
1103 1015 1193 1078 facta

171 1108 278 1187 erunt,
309 1108 342 1168 et
364 1103 554 1168 tabellarius
576 1125 645 1167 non
667 1104 729 1166 erit
752 1103 924 1186 proseriae,
954 1106 1026 1167 tota
1056 1103 1236 1167 comitiam

170 1192 375 1275 perscribam.
429 1190 516 1267 Quae
546 1192 588 1276 si,
618 1194 655 1255 ut
685 1194 855 1275 putantur,
885 1191 1028 1276 gratuita
1057 1191 1193 1275 fuerint,

170 1280 244 1364 plus
267 1302 352 1344 unus
376 1278 458 1345 Cato
485 1279 629 1363 potuerit
657 1301 755 1363 quam
782 1300 886 1344 omnm
910 1279 986 1361 leges
1013 1300 1193 1362 omnesque

136 1368 300 1434 uindices.
352 1367 492 1432 Messius
523 1368 751 1432 defendebatur
781 1391 800 1435 a
828 1368 923 1432 nobis
958 1367 997 1430 de
1026 1367 1192 1451 legatione

171 1461 353 1541 revocatus3
376 1479 452 1520 nam
475 1479 548 1520 eum
568 1454 697 1521 Caesari
720 1457 844 1540 legarat
863 1454 1000 1538 Appius.
1032 1453 1192 1519 Servilius

172 1545 282 1630 edixit,
304 1549 342 1609 ut
366 1545 500 1610 adesset.
537 1544 655 1609 Tribus
675 1544 775 1608 habet
792 1543 1007 1628 Pomptinam,
1029 1543 1234 1628 Velinam,1s

171 1634 333 1698 Maeciam.
366 1631 536 1717 Pugnatur
550 1633 678 1715 acriter,
698 1633 806 1716 agitur
819 1636 930 1695 tamen
944 1633 1033 1695 satis.
1064 1630 1193 1695 Deinde

171 1744 223 1785 me
246 1721 380 1804 expedio
408 1723 448 1786 ad
470 1720 629 1806 Drusum,
655 1720 729 1784 inde
757 1721 797 1783 ad
821 1718 984 1784 Scaurum.
1029 1719 1193 1783 Parantur
1278 1775 1279 1788 .

173 1809 375 1874 orationibus
402 1809 523 1874 indices
574 1809 694 1872 loriosi.
740 1807 892 1872 Fortasse
919 1807 1068 1872 accedent
1091 1807 1192 1871 etiam

173 1898 320 1962 consules
345 1897 513 1982 designati.
552 1829 740 1980 lnquibus
769 1897 798 1960 si
821 1895 960 1961 Scaurus
987 1917 1055 1960 non
1081 1896 1190 1979 fuerit,

172 1987 207 2051 in
229 1985 291 2050 hoc
312 1986 431 2049 iudicio
454 1986 546 2049 valde
568 1984 738 2048 laborabit.
1205 2009 1232 2048 ao

128 2093 162 2141 10
238 2073 290 2136 Ex
314 2072 427 2148 Quinti
456 2073 567 2136 fratris
596 2073 715 2137 litteris
747 2073 893 2155 suspicor
921 2073 987 2137 iam
1016 2094 1090 2136 eum
1120 2093 1191 2135 esse

172 2162 208 2225 in
235 2161 414 2225 Britannia.
467 2160 630 2244 Suspenso
662 2161 769 2224 animo
800 2164 964 2245 exspecto,
997 2161 1074 2243 quid
1105 2164 1190 2244 agat.

171 2248 257 2312 Illud
288 2249 417 2332 quidem
448 2271 559 2313 sumus
590 2249 712 2334 adepti,
742 2247 829 2332 quod
858 2249 970 2313 multis
1001 2253 1034 2312 et
1062 2249 1191 2333 magnis

172 2337 300 2401 indiciis
323 2358 494 2419 possumus
518 2337 672 2419 iudicare,
700 2357 761 2400 nos
784 2334 913 2401 Caesari
943 2341 976 2401 et
1005 2337 1190 2402 carissimos

172 2428 205 2489 et
223 2424 470 2488 iucundissimos
489 2447 567 2490 esse.
605 2423 800 2508 Dionysium
818 2425 915 2489 velim
939 2425 1061 2489 salvere
1079 2425 1190 2489 iubeas
1205 2449 1231 2490 rs

173 2518 205 2576 et
228 2534 301 2576 eum
324 2533 419 2596 roges
443 2517 475 2576 et
497 2514 642 2597 hortere,
666 2516 702 2576 ut
727 2535 823 2596 quam
846 2514 986 2596 primum
1008 2513 1130 2596 veniat,
1153 2517 1190 2577 ut

171 2601 276 2685 possit
291 2599 478 2665 Ciceronem
496 2623 604 2666 meum
627 2605 724 2685 atque
743 2600 841 2665 etiam
859 2624 910 2666 me
928 2601 1036 2684 ipsum
1055 2602 1191 2666 erudire.

636 2775 724 2841 XVI.

267 2897 326 2953 Sor.
345 2897 449 2952 Romae
467 2914 507 2952 ea.
527 2915 562 2952 m.
581 2899 647 2952 Ian.
667 2905 717 2952 aut
735 2899 774 2951 ia.
797 2897 890 2967 Qatnt.
910 2915 935 2952 a.
957 2901 1012 2952 700
1032 2900 1100 2966 (54).

493 3020 623 3076 CICERO
642 3021 774 3076 ATTICO
795 3020 869 3075 SAL.
1204 3033 1229 3072 so

137 3148 152 3194 1
240 3129 496 3212 Occupationum
518 3151 662 3193 mearum
684 3131 737 3194 vel
758 3128 821 3194 hoc
849 3129 979 3212 signum
1002 3128 1077 3211 erit,
1105 3131 1191 3211 quod

173 3218 312 3303 epistula
330 3218 455 3282 librarii
472 3238 570 3281 manu
590 3223 646 3282 est.
673 3217 723 3283 De
737 3217 948 3302 epistularum
962 3218 1146 3300 frequentia
1159 3221 1191 3282 te

171 3307 256 3372 nihil
277 3327 400 3392 accuso,
426 3307 480 3370 sed
502 3305 672 3390 pleraeque
693 3309 821 3369 tantum
840 3305 937 3369 modo
958 3304 1040 3368 mihi
1064 3306 1190 3369 nuntia-

172 3395 262 3481 bant,
284 3395 341 3459 ubi
360 3415 456 3479 esses,
476 3395 529 3458 vel
548 3394 646 3458 etiam
664 3393 891 3478 significabant
907 3397 994 3457 recte
1009 3414 1086 3476 esse,
1106 3394 1190 3476 quod

173 3488 265 3549 erant
288 3483 344 3548 abs
367 3487 407 3548 te.
446 3482 515 3559 Quo
538 3482 574 3549 in
597 3503 712 3568 genere
735 3482 874 3545 maxime
892 3480 1092 3546 delectarunt
1111 3481 1189 3546 duae
1203 3507 1227 3550 aa
