2560 3880
232 178 488 233 EPISTULARUM
506 179 555 233 AD
574 179 737 233 ATTICUM
754 179 806 237 XV
824 184 935 233 21—24.
1019 177 1084 240 481

76 326 108 386 et
128 319 240 385 Cassio
266 324 356 407 puto,
380 321 408 384 si
427 320 572 404 expediet
591 320 661 408 (sed
680 320 806 404 quando
825 319 898 384 illos
917 316 1086 404 videbiti),

75 409 242 473 inimicum
269 407 426 493 Antonio,
455 409 581 491 quondo
610 413 666 473 out
696 408 773 472 cur?
805 407 977 490 Quousque
998 407 1086 470 lude

75 497 170 560 mur?
206 495 279 580 Ego
303 499 417 560 sutem·
436 497 550 579 scripsi
574 495 708 560 Sextum
730 495 909 579 adventare,
931 515 998 558 non
1020 515 1083 576 quo

76 585 142 647 iam
174 583 312 669 adesset,
343 583 398 648 sed
430 585 506 666 quia
538 588 623 649 certe
655 583 688 647 id
720 586 828 669 ageret
855 582 895 646 ab
923 581 1083 663 armisque

37 672 185 736 snullus
213 671 394 734 discederet.
442 669 535 735 Ocrte
582 672 610 734 si
638 671 758 755 pergit,
788 669 908 734 bellum
936 673 1085 752 peratum

76 763 134 823 est.
180 757 243 822 Hic
266 762 374 823 autem
396 763 507 822 noster
531 723 703 842 Sytherius
726 757 790 822 nisi
812 758 967 821 victorem
986 756 1085 821 nemi-

73 868 150 910 nem
168 847 337 910 victurum.
374 845 458 921 Quid
481 847 521 910 od
542 846 620 911 haec
637 846 764 911 Panse?
796 849 870 909 utro
889 846 1026 926 conferet
1044 863 1085 922 se,

76 935 105 998 si
133 933 254 998 bellum
287 933 372 998 erit?
405 935 491 1017 quod
519 933 646 998 videtur
672 934 749 998 fore.
796 931 858 998 Sed
886 937 918 996 et
944 932 1024 996 haec
1050 935 1082 995 et

76 1021 141 1086 alie
164 1043 272 1086 coram
296 1021 392 1085 hodie
416 1019 554 1105 quidem,
576 1026 614 1087 ut
638 1021 761 1106 scribis,
784 1023 840 1084 sut
865 1041 942 1084 cras.

33 1258 60 1296 10
524 1229 642 1296 XXIII.

136 1351 193 1406 Ser.
208 1352 240 1405 in
261 1351 416 1406 Tusculano
439 1350 519 1403 VIII
532 1357 582 1406 aut
604 1352 668 1405 VII
681 1351 718 1404 K.
736 1349 828 1419 Quint.
843 1367 869 1404 0.
885 1353 939 1404 710
958 1352 1026 1417 (44).

379 1471 524 1527 CICERO
541 1472 687 1528 ATTICO
705 1472 787 1528 SAL.

142 1581 278 1646 Mirifice
302 1584 465 1663 torqueor,
488 1580 556 1644 sinc
579 1579 688 1644 dolore
707 1584 829 1663 tamen,
853 1579 909 1642 sed
926 1578 1087 1662 permulto

75 1670 156 1734 mihi
184 1670 222 1733 de
244 1673 357 1733 nostro
380 1669 495 1732 itinere
518 1668 552 1731 in
569 1671 740 1750 utramque
762 1671 886 1750 partem
905 1669 1085 1731 occurrunt.

33 1781 61 1821 15
76 1756 297 1840 ‘Quousque‘i'
318 1755 453 1838 inquies.
486 1754 597 1830 Quoad
615 1755 676 1819 erit
695 1756 870 1839 integrum,
889 1755 949 1817 erit
968 1757 1084 1837 sutem,

74 1866 179 1928 usque
206 1845 281 1907 dum
304 1843 345 1907 ad
366 1865 487 1907 navem.
533 1842 638 1906 Pansa
662 1843 690 1906 si
713 1847 787 1906 tuae
810 1842 1024 1926 rescripserit,
1052 1844 1084 1905 et

74 1955 180 1997 meam
199 1931 261 1995 tibi
273 1934 313 1995 et
331 1931 419 1994 illius
438 1929 609 2012 epistulam
626 1930 762 1994 mittam.
790 1929 906 1994 Silium
924 1932 1085 2012 exspecte-

74 2021 165 2104 bam,
198 2019 249 2083 cui
279 2018 496 2102 hypomneme
529 2017 777 2100 compositumst.
829 2016 864 2082 Si
896 2016 972 2100 quid
998 2016 1084 2080 novi.

75 2108 148 2192 Ego
172 2106 299 2170 litteras
321 2106 397 2169 misi
420 2106 459 2169 ad
481 2103 627 2169 Brutum.
665 2103 764 2168 Cuius
787 2105 825 2168 de
848 2104 963 2168 itinere
986 2102 1085 2168 etiem

33 2219 62 2258 so
76 2218 115 2259 ex
138 2199 171 2260 te
195 2194 301 2280 velim,
324 2191 453 2276 siquid
476 2193 565 2277 scies,
588 2212 786 2276 cognoscere.

524 2400 640 2466 XXIV.

183 2522 241 2578 Ser.
255 2523 287 2576 in
307 2523 464 2577 Truculcuo
486 2522 533 2576 VI
546 2522 584 2576 K.
601 2521 693 2591 Quint.
708 2539 788 2577 moue
805 2539 831 2577 a.
847 2493 902 2578 710
921 2525 989 2591 (44).

376 2640 521 2698 CICERO
538 2642 685 2698 ΑΤΤΙΟΟ
703 2642 786 2698 SAL.

142 2751 357 2836 Tabellarius,
384 2772 478 2834 quem
501 2749 542 2813 ad
564 2749 703 2813 Brutum
724 2751 885 2834 miserem,
908 2771 946 2814 ex
969 2751 1084 2817 itinere

33 2867 60 2907 ss
74 2839 172 2905 rediit
194 2855 245 2903 v11
266 2838 337 2903 Kal.
383 2838 425 2902 Ei
448 2836 586 2902 Servilia
608 2837 690 2901 dixit
713 2859 749 2902 eo
774 2838 824 2902 die
846 2836 984 2902 Brutum
1002 2839 1083 2922 †his

73 2928 264 3012 profectum.
301 2926 384 2991 Sene
403 2924 491 2989 dolui
513 2946 600 2990 mees
618 2925 744 2996 litteras
762 2926 903 2990 redditas
920 2947 987 2989 non
1005 2947 1083 2991 esse.

75 3015 176 3080 Silius
208 3012 248 3078 od
274 3036 325 3078 me
351 3035 418 3077 non
444 3017 583 3078 venerat.
633 3011 772 3077 Causam
799 3012 978 3096 composui3
1010 3034 1084 3076 eum

73 3102 223 3168 libellum
245 3101 308 3166 tibi
329 3101 412 3166 misi.
449 3100 495 3166 Te
518 3122 581 3184 quo
602 3100 652 3167 die
670 3104 859 3187 exspectem,
880 3100 977 3165 velim
994 3101 1084 3164 scire.
