2578 3886
158 139 225 209 344
476 140 515 197 Μ.
535 141 643 196 TULLI
662 141 851 197 CICERONIS

157 287 230 351 istis
261 284 446 370 persuaderi
478 285 568 349 nullo
596 284 693 349 modo
721 285 826 368 possit
854 305 904 370 ea,
937 305 1019 369 quae
1047 284 1184 371 faciant,

156 374 238 438 mihi
261 374 393 458 probari
416 395 521 457 posse,
544 394 674 457 quoquo
697 373 794 437 modo
812 372 935 456 loquar.
973 373 1048 458 Ego
1066 377 1184 437 tamen

157 467 231 527 utar
253 461 486 545 moderatione,
517 483 581 545 qua
603 465 732 546 poter03
765 483 974 545 quamquam,
1001 461 1081 544 quid
1105 484 1184 526 mea

157 551 298 636 intersit,
319 553 357 613 ut
380 571 492 614 eorum
516 549 625 613 odium
649 549 791 634 subeam,
812 570 880 613 non
902 549 1065 634 intellege.

122 656 138 704 3
224 637 270 702 Te
291 639 379 702 iusta
402 658 497 701 causa
519 637 678 720 impediri,
701 659 765 721 quo
788 637 955 701 minusad
973 659 1033 701 nos
1054 636 1184 724 venias,
1211 665 1223 704 a

157 725 261 810 video,
283 727 379 809 idque
402 724 484 788 mihi
506 724 599 788 valde
621 725 797 789 molestum
820 728 877 789 est.
914 724 1012 788 Illum
1035 725 1076 789 ab
1099 725 1182 790 Ale-

157 814 292 878 xandria
319 813 504 876 discessisse
530 834 626 877 nemo
649 813 793 897 nuntiat,
820 816 1011 897 constatque
1038 835 1080 876 ne
1101 835 1183 896 pro-

156 901 277 966 fectum
300 901 430 985 quidem
451 899 535 964 illim
559 923 753 985 quemquam
770 904 846 985 post
865 899 942 966 Idus
960 899 1096 965 Martias
1117 922 1183 966 nec

156 994 232 1073 post
264 987 339 1052 Idus
362 987 543 1054 Decembr.'
558 990 598 1054 ab
626 989 683 1052 illo
712 989 804 1052 datas
831 988 915 1053 ullas
941 988 1076 1053 litteras.
1125 990 1181 1054 Ex

158 1100 222 1160 quo
245 1076 409 1161 intellegis
433 1077 514 1141 illud
537 1077 575 1142 de
598 1073 717 1141 litteris
741 1100 767 1141 a.
787 1076 854 1140 dv
872 1075 949 1141 Idus
967 1075 1060 1140 Febr.
1079 1077 1224 1164 datis,1e

158 1165 243 1249 quod
261 1165 355 1228 inane
374 1169 468 1250 esset,
491 1165 619 1229 etiamsi
637 1187 749 1229 verum
768 1168 862 1247 esset,
879 1186 946 1229 non
964 1186 1076 1229 verum
1095 1187 1179 1231 esne.
1267 1171 1268 1224 t

156 1251 191 1316 L.
211 1252 397 1317 Terentium
421 1253 606 1317 discessisse
630 1275 668 1317 ex
691 1252 802 1317 Africa
821 1252 939 1317 scimus
958 1251 1181 1338 Paestumque
1268 1253 1269 1304 l

156 1341 290 1405 venisse.
336 1340 419 1416 Quid
448 1341 476 1404 is
502 1341 626 1405 adferat
654 1344 710 1405 aut
740 1362 804 1424 quo
832 1339 928 1406 modo
959 1341 1087 1426 exierit,
1117 1347 1181 1407 aut
1269 1334 1270 1380 l

157 1429 234 1511 quid
256 1429 291 1494 in
312 1427 423 1494 Africa
446 1429 514 1513 fiat,
537 1430 618 1494 scire
639 1429 744 1494 velim.
781 1428 911 1493 Dicitur
929 1429 1015 1493 enim
1034 1450 1091 1513 per
1109 1429 1181 1494 Na·

156 1516 274 1581 sidium
297 1518 434 1581 emissus
459 1538 536 1581 esse.
573 1517 612 1581 Id
636 1517 730 1601 quale
752 1517 804 1602 sit,
827 1517 933 1601 velim,
957 1517 986 1581 si
1004 1517 1181 1604 inveneris,
1195 1547 1223 1588 1⁵
1272 1576 1273 1594 ,

156 1605 196 1668 ad
224 1627 276 1670 me
301 1606 430 1670 scribas.
477 1604 527 1669 De
548 1603 606 1670 Hs
629 1609 667 1688 i,
697 1608 734 1669 ut
759 1605 888 1690 scribis,
914 1605 1037 1669 faciam.
1084 1606 1179 1672 Vale.
1273 1656 1274 1684 ,

157 1710 232 1757 xvn
255 1693 327 1758 Kal.
348 1692 533 1768 Quinctiles.

605 1866 726 1933 XVIII.

334 1988 392 2044 Ser.
407 1989 547 2044 areauna
565 1990 635 2042 ΧΠ
649 1988 686 2041 K.
705 1989 798 2059 Quat.
812 2007 837 2044 a.
854 1993 910 2044 707
929 1993 997 2059 (47).

478 2110 606 2166 CICERO
625 2111 758 2166 ATTICO
778 2112 854 2166 SAL.
1195 2129 1221 2168 ao

121 2239 135 2286 1
223 2218 272 2284 De
295 2219 385 2283 illius
408 2218 604 2283 Alexandria
627 2220 769 2283 discessu
791 2220 875 2284 nihil
898 2220 1001 2284 adhue
1024 2223 1178 2309 rumoris,

156 2312 332 2391 contraque
365 2308 475 2390 opinio
508 2307 600 2371 valde
630 2329 699 2370 esse
728 2308 927 2391 impeditum.
973 2307 1089 2392 Itaque
1116 2331 1179 2376 nec

155 2396 268 2481 mitto,
296 2400 334 2460 ut
357 2397 603 2479 constitueram,
626 2393 813 2460 Ciceronem
837 2401 868 2459 et
892 2401 925 2460 te
948 2417 1039 2481 rogo,
1061 2401 1099 2461 ut
1122 2421 1178 2464 me

155 2483 230 2548 hinc
262 2484 419 2567 expedias.
467 2482 608 2558 Quodvis
642 2484 726 2547 enim
759 2484 954 2567 supplicium
986 2485 1090 2549 levius
1124 2493 1177 2552 est

154 2572 216 2636 hac
243 2571 474 2654 permansione.
521 2569 591 2634 Hac
614 2571 653 2634 de
675 2594 710 2636 re
734 2575 766 2635 et
790 2571 830 2635 ad
852 2570 1033 2636 Antonium
1057 2575 1177 2658 scripsi
1192 2605 1219 2645 rs

156 2664 188 2724 et
220 2660 259 2724 ad
286 2659 425 2723 Balbum
456 2661 489 2722 et
516 2659 556 2722 ad
580 2657 728 2742 Oppium.
776 2658 850 2724 Sive
879 2660 965 2724 enim
992 2660 1116 2726 bellum
1140 2664 1178 2728 in

154 2747 250 2812 Italia
273 2748 419 2810 futurum
444 2750 507 2832 cst,
538 2748 604 2811 sive
628 2748 786 2812 classibus
809 2751 930 2832 utetur,
951 2747 1005 2812 hio
1028 2771 1099 2814 esse
1121 2774 1175 2817 me

154 2835 288 2899 minime
311 2834 472 2917 convenit,
497 2857 634 2917 quorum
652 2837 791 2901 fortasse
809 2839 983 2920 utrumque
1002 2838 1074 2923 erit,
1096 2839 1176 2904 alte-

120 2943 135 2988 2
155 2946 228 2987 rum
258 2925 351 2985 certe.
397 2919 547 2986 Intellexi
571 2925 702 2988 omnino
727 2945 765 2988 ex
789 2921 874 3008 Oppi
898 2946 1052 3008 sermone,
1076 2948 1175 3010 quem

155 3013 193 3074 tu
215 3010 297 3073 mihi
320 3009 487 3094 scripsisti,
511 3033 592 3093 quae
615 3013 754 3076 istorum
772 3012 822 3075 ira
841 3016 935 3098 esset,
959 3013 1023 3099 sed,
1044 3018 1083 3078 ut
1103 3036 1174 3081 eam
1189 3045 1219 3084 ao

155 3098 276 3181 flectas,
302 3099 337 3162 te
359 3118 448 3182 rogo.
494 3097 588 3162 Nihil
611 3101 742 3164 omnino
766 3101 831 3163 iam
854 3105 1004 3183 exspecto
1027 3101 1092 3166 nisi
1114 3106 1174 3168 mi-

157 3209 274 3271 serum,
297 3186 352 3249 sed
374 3185 436 3250 hoc
459 3186 625 3272 perditius,
648 3188 684 3250 in
707 3209 771 3272 quo
790 3209 876 3252 nunc
896 3210 977 3273 sum,
999 3189 1070 3254 fieri
1088 3191 1175 3257 nihil

155 3278 271 3358 potest.
319 3273 423 3350 Quare
447 3280 478 3338 et
503 3296 574 3337 cum
596 3275 742 3339 Antonio
766 3276 1020 3360 loquarcvelim
1043 3282 1174 3344 etcum

155 3363 227 3425 istis
246 3366 278 3425 et
292 3384 370 3447 rem,
392 3367 428 3426 ut
444 3363 577 3446 poteria,
596 3363 745 3446 expedias
765 3364 896 3427 etmihi
915 3367 1175 3449 quamprimum

156 3449 194 3512 de
217 3449 367 3513 omnibus
390 3450 487 3513 rebus
511 3450 675 3514 rescribas.
720 3449 808 3514 Vale.
854 3469 905 3515 ΧΠ
927 3451 999 3515 Kal.
1019 3452 1216 3528 Quinctiles

1108 3792 1112 3795 .
1121 3776 1277 3795 ,ι’-
