2616 3884
164 135 231 199 270
487 133 524 189 u.
545 134 653 188 uuum
670 133 861 189 cronacurs
938 93 942 102 ⁵

162 279 271 363 ipsum
298 278 383 342 facta
410 299 479 342 esse
508 299 575 346 uon
601 277 741 342 memini.
787 276 893 341 Tanto
925 277 999 361 plus
1023 278 1108 362 apud
1129 299 1183 342 me

163 367 268 431 valere
298 365 444 430 beneficii
474 367 614 451 gratiam
642 388 739 449 quam
765 365 902 429 iniuriae
930 365 1075 430 dolorem
1097 367 1181 431 volo

162 453 331 520 Faciamus
360 455 476 540 igitur,
503 459 540 518 ut
568 475 690 538 censes,
718 454 973 540 colligamusque
1000 476 1069 518 nos.
1116 458 1183 520 Σο-

163 543 310 627 φιστεύω
333 544 429 628 enim,
452 542 551 606 simul
573 545 610 605 ut
628 564 686 608 rus
704 541 847 626 decurro,
871 546 968 625 atque
991 542 1026 606 in
1044 541 1183 607 decursu

163 630 276 707 θέσεις
298 651 386 695 meas
410 629 620 695 commentari
642 651 710 694 non
733 630 852 696 desino.
901 629 963 695 Sed
987 634 1063 694 sunt
1088 652 1183 714 quae·
1210 655 1223 696 5

163 719 236 782 dam
259 741 370 783 earum
392 717 598 802 perdifficiles
622 717 664 781 ad
685 719 898 786 iudicandum.
944 717 995 782 De
1019 718 1185 802 optimati-

162 807 224 871 bus
248 806 291 870 sit
320 828 396 871 sane
425 807 485 890 ita,
514 810 552 870 ut
581 806 644 891 vis3
676 807 733 870 aed
762 807 850 874 nosti
880 806 963 870 illud
986 807 1184 888 εΔιονύσιος

164 895 201 960 ἐν
223 895 408 979 Κορίνθω’.
1292 971 1293 978 ἵ

229 981 331 1046 Titini
354 959 441 1046 iilius
462 983 546 1066 apud
565 980 735 1049 Caesarem
754 987 811 1048 est.
850 980 942 1057 Quod
961 986 1070 1047 autem
1090 983 1185 1067 quasi
1292 979 1293 1028 l

162 1071 266 1135 vereri
294 1070 428 1155 videris,
456 1092 497 1134 ne
526 1070 609 1135 mihi
639 1075 697 1135 tua
727 1070 862 1135 consilia
893 1071 943 1136 dis
966 1071 1099 1155 liceant,
1129 1093 1183 1136 me
1199 1097 1226 1136 ιο

161 1179 238 1222 vero
256 1158 341 1222 nihil
359 1157 496 1223 delectat
514 1158 602 1223 aliud
619 1159 684 1223 nisi
703 1158 875 1223 consilium
893 1161 926 1222 et
942 1093 1077 1226 litterae
1096 1161 1183 1223 tuae.

163 1245 267 1321 Quare
290 1246 354 1330 fac,
378 1251 415 1310 ut
439 1247 596 1332 ostendis,
618 1268 659 1310 ne
682 1247 845 1311 destiteris
869 1246 911 1310 ad
932 1253 1014 1332 me,''
1028 1246 1185 1336 quicquid
1293 1293 1294 1298 η

162 1333 225 1398 tibi
255 1333 290 1397 in
318 1339 459 1399 mentem
487 1335 627 1420 venerit,
658 1335 805 1400 seribere.
851 1333 934 1398 Mihi
960 1334 1045 1398 nihil
1072 1338 1184 1422 potest

163 1443 233 1486 esse
257 1422 391 1509 gratius.

126 1531 142 1578 2
229 1511 334 1575 Venio
359 1510 400 1575 ad
422 1511 556 1575 alteram
579 1532 666 1574 nunc
689 1511 869 1595 epistulam.
906 1509 1006 1575 Recte
1028 1532 1095 1575 non
1119 1533 1183 1578 are-
1199 1537 1226 1577 15
1294 1518 1295 1564 ³

163 1598 212 1662 dis
243 1599 281 1662 de
315 1621 449 1663 numero
485 1599 641 1684 militum3
678 1600 750 1683 ipso
781 1598 914 1663 dimidio
943 1599 1017 1682 plus
1050 1599 1184 1683 scripsit
1294 1659 1295 1662 ,

165 1686 286 1752 Clodia.
336 1686 469 1751 Falsum
499 1687 597 1752 etiam
627 1687 665 1750 de
695 1688 859 1770 ¹corruptis
891 1687 1038 1751 navibus.
1089 1685 1183 1764 Quod

164 1775 329 1840 consulem
350 1774 473 1858 laudas,
497 1797 557 1862 ego
582 1795 711 1859 quoquc
734 1775 878 1839 animum
899 1774 1005 1858 laudo,
1029 1775 1085 1840 sed
1108 1797 1183 1840 con-

165 1864 275 1927 silium
294 1862 505 1948 reprehendo,
526 1864 671 1947 dispersu
691 1863 776 1927 enim
794 1863 927 1928 illorum
946 1863 1029 1927 actio
1045 1863 1083 1928 de
1102 1885 1183 1947 pace
1295 1924 1296 1932 ,

164 1951 293 2015 sublata
312 1955 371 2037 est,
394 1973 492 2036 quam
511 1951 640 2035 quidem
660 1972 719 2035 ego
739 1951 926 2016 meditabar.
959 1949 1074 2036 Itaque
1092 1956 1182 2036 post·
1198 1979 1227 2017 ao
1295 1969 1296 2002 l

163 2060 200 2103 ea
231 2038 377 2104 Demetri
406 2039 528 2104 librum
558 2039 596 2102 de
627 2040 797 2103 concordia
824 2038 886 2103 tibi
913 2040 1025 2103 remisi
1053 2043 1086 2104 et
1108 2038 1183 2103 Phi-

162 2126 278 2190 lotimo
302 2127 382 2192 dedi.
419 2127 488 2192 Nee
511 2149 586 2192 vcro
611 2127 733 2211 dubito,
758 2127 838 2211 quin
861 2127 1036 2192 exitiosum
1059 2127 1184 2191 bellum

163 2215 359 2301 impendeat3
394 2217 485 2280 cuius
518 2215 649 2278 initium
684 2215 817 2279 ducetur
851 2237 870 2278 a
905 2215 997 2280 fame.
1050 2215 1096 2279 Et
1130 2237 1183 2280 me

163 2307 271 2368 tamen
299 2303 392 2368 doleo
420 2325 487 2368 non
514 2304 669 2366 interesse
696 2302 772 2368 huic
793 2303 894 2367 belloi
938 2302 1065 2387 inquo
1089 2306 1183 2369 tanta

162 2391 212 2455 vis
237 2391 365 2455 sceleris
388 2392 499 2455 futura
522 2394 581 2476 est,
603 2395 649 2475 ut,
672 2412 745 2454 cum
764 2394 912 2475 parentes
930 2413 997 2456 non
1021 2392 1106 2456 alere
1129 2414 1183 2456 ne·
1197 2418 1226 2459 aa

162 2479 282 2544 sarium
306 2480 358 2565 sit,
380 2479 486 2543 nostri
504 2479 665 2563 principes
684 2479 943 2564 antiquissimam
966 2483 999 2543 et
1019 2480 1183 2544 sanctissi-

163 2591 251 2632 mam
274 2571 449 2650 parentem,
471 2567 621 2652 patriam,
643 2567 728 2631 fame
749 2567 926 2632 necandam
952 2571 1076 2652 putent.
1123 2567 1183 2632 At-

164 2678 225 2739 que
247 2656 310 2720 hoc
332 2676 398 2719 non
421 2654 574 2736 opinione
596 2655 709 2739 timeo,
733 2657 789 2719 sed
811 2655 945 2719 interfui
968 2655 1182 2720 sermonibus.

87 2769 97 2788 ·
163 2743 277 2824 Omnis
300 2741 379 2807 haec
402 2742 515 2806 classis
533 2742 743 2829 Alexandria,
765 2742 909 2828 Colchis,
933 2743 1030 2828 Tyro,
1054 2743 1182 2828 Sidone,

162 2832 281 2913 Arado,
305 2824 424 2914 (lyprc,
447 2829 650 2914 Pamphylia,
672 2830 780 2916 Lycia,
799 2831 925 2917 Rhodo,
944 2831 1036 2917 Chio,
1058 2831 1183 2916 Byzan·
1198 2857 1225 2898 so

162 2920 220 3003 tio,
238 2918 353 3000 Lesb0,
373 2917 523 3002 Zmyrna,
541 2919 664 3002 Mileto,
680 2917 746 2983 000
766 2921 806 2984 ad
824 2919 1083 2984 intercludendos
1097 2941 1184 2984 com-

162 3010 289 3070 meatus
310 3004 425 3070 italiae
451 3010 483 3070 et
509 3007 548 3070 ad
577 3008 776 3091 occupandas
800 3007 1027 3074 frumentarias
1053 3009 1184 3092 provin-

163 3095 228 3158 cias
248 3095 462 3176 ccmparatur.
496 3093 541 3158 At
561 3117 657 3178 quam
676 3095 783 3160 veniet
801 3095 917 3162 iratus!
941 3100 974 3162 et
993 3095 1034 3161 iis
1053 3095 1185 3180 quidem

162 3181 312 3266 maxime,
331 3182 387 3266 qui
406 3204 481 3248 eum
497 3183 636 3247 maxime
655 3185 781 3248 salvum
798 3184 961 3270 volebant,
980 3185 1074 3270 quasi
1091 3184 1184 3250 relic-

162 3274 217 3334 tus
240 3270 281 3335 ab
305 3270 355 3355 iis,
380 3291 461 3354 quos
485 3271 626 3354 reliquit.
667 3271 782 3356 Itaque
804 3272 886 3337 mihi
909 3272 1081 3359 dubitanti,
1104 3273 1185 3356 quid
1199 3299 1225 3340 aa

163 3380 214 3422 me
233 3357 335 3423 facere
354 3380 412 3442 par
432 3359 484 3444 sit,
503 3379 715 3444 permagnum
728 3360 854 3442 pondus
874 3361 978 3438 adfert
992 3361 1184 3426 benevolen-

163 3446 211 3510 tia
230 3467 307 3532 erga
324 3446 431 3532 illum3
450 3468 514 3530 qua
527 3446 657 3531 dempta
675 3447 780 3531 perire
794 3449 909 3513 melius
929 3452 1014 3514 esset
1027 3449 1063 3512 in
1075 3449 1184 3533 patria
