2578 3886
262 143 519 197 EPISTULARUM
532 143 582 198 AD
602 143 765 198 ATTICUM
783 145 822 198 XI
842 150 979 198 16-17a.
1068 145 1132 210 343

114 286 352 368 providendum
384 290 441 351 est,
487 286 536 350 De
569 287 720 351 omnibus
753 288 849 353 rebus
881 288 978 352 velim
1012 288 1052 352 ad
1084 311 1134 352 mc

115 375 249 458 scribas,
272 377 304 437 et
327 375 465 438 maxime
489 375 567 458 quid
587 375 707 441 sentias
727 376 765 439 de
784 397 831 460 ea,
849 376 883 440 in
902 399 965 460 qua
984 379 1041 439 tuo
1062 398 1135 440 con·

116 463 192 527 silio
217 483 304 548 egeo,
327 463 425 527 etiam
448 463 476 526 si
498 463 582 526 nihil
606 464 776 548 excogitas.
813 463 852 527 Id
871 465 957 528 enim
974 463 1056 528 mihi
1074 464 1135 528 erit

115 571 176 632 pro
202 551 379 633 desperato.
426 569 466 614 111
488 549 573 616 Non.
592 550 661 615 Iun.

83 757 100 798 ε
575 743 679 808 XVII.

244 863 301 918 Sa.
317 865 458 919 Batauus
472 864 548 933 pria
563 866 607 919 ru
623 873 674 919 aaa
691 867 735 920 Io.
750 847 816 921 raa.
832 884 857 920 a.
874 871 929 921 707
948 871 1017 935 (47).

439 987 568 1042 CICERO
586 987 719 1042 ATTICO
739 989 813 1042 SAL.

74 1125 78 1148 ’-
184 1093 438 1178 Properantibus
475 1097 654 1161 tabellariis
693 1097 805 1161 alienis
843 1098 928 1163 hanc
962 1098 1169 1182 epistulaml

115 1183 198 1247 dedi,
235 1183 285 1246 Eo
307 1183 437 1249 brevior
460 1189 519 1268 est,
542 1188 574 1248 et
597 1183 685 1269 qnod
708 1207 795 1249 eram
816 1187 975 1250 missurus
993 1191 1131 1251 nostros.

69 1271 226 1335 1⁰‘lb1llia
257 1292 328 1335 mea
359 1273 448 1336 venit
480 1274 521 1336 ad
548 1295 600 1336 me
627 1295 674 1356 pr.
703 1272 779 1338 Idus
806 1273 917 1338 Iunias
948 1275 1050 1358 deque
1077 1279 1135 1338 tua
1246 1317 1248 1320 -

116 1381 194 1444 erga
221 1381 256 1423 se
279 1360 484 1424 observantia
506 1361 794 1445 benevolentiaque
817 1362 898 1427 mihi
921 1363 1061 1446 plurima
1083 1385 1135 1426 ex-

115 1448 227 1531 posuit
245 1449 433 1533 litterasque
453 1449 592 1513 reddidit
610 1450 720 1514 trinas.
757 1450 831 1534 Ego
851 1454 959 1514 autem
977 1472 1016 1514 ex
1032 1452 1135 1535 ipsius

75 1577 83 1595 .
114 1537 247 1620 virtute,
270 1536 481 1622 humanitate,
504 1537 625 1621 pietate
643 1559 710 1602 non
728 1539 823 1602 modo
844 1560 914 1602 eam
933 1538 1135 1621 voluptatem

114 1645 183 1688 non
211 1625 294 1708 cepi,
327 1647 424 1708 quam
451 1647 564 1708 capere
592 1647 629 1688 ex
661 1626 818 1710 singulari
845 1627 913 1690 filia
936 1625 1047 1708 debui,
1080 1626 1135 1690 sed

71 1725 101 1766 1⁵
115 1713 215 1776 etiam
237 1713 419 1777 incredibili
443 1735 514 1777 sum
538 1713 649 1777 dolore
669 1714 812 1777 adfectus
830 1714 896 1778 tale
914 1714 1082 1798 ingenium
1100 1714 1135 1777 in

114 1805 183 1864 tam
207 1801 325 1864 misera
346 1802 477 1865 fortuna
500 1802 621 1865 versari
643 1801 741 1884 idque
760 1802 901 1866 accidere
919 1801 1010 1865 nullo
1029 1801 1133 1883 ipsius

116 1889 235 1953 delicto
260 1910 384 1952 summa
407 1889 502 1972 culpa
524 1911 603 1953 mea.
641 1888 756 1972 Itaque
774 1913 793 1952 a
816 1894 848 1952 te
866 1911 972 1973 neque
990 1889 1134 1953 consola

115 1978 240 2041 tionem
267 1977 347 2062 iam,
375 1999 438 2061 qua
468 1998 582 2060 cupere
611 1982 644 2042 te
667 1979 717 2040 uti
740 1977 846 2062 video,
873 1999 932 2041 neo
955 1977 1134 2061 consilium,

116 2066 203 2149 quod
232 2066 303 2148 capi
330 2065 457 2130 nullum
483 2069 608 2152 potest,
636 2070 787 2148 exspecto
810 2069 906 2149 teque
930 2065 1039 2129 omnia
1061 2087 1135 2129 cum

72 2166 102 2207 ²⁰
115 2153 338 2236 superioribus
362 2175 456 2237 saepe
478 2153 598 2218 litteris
621 2157 693 2217 tum
714 2154 872 2238 proximis
895 2157 1070 2238 temptasse
1088 2154 1135 2217 in·

114 2243 268 2326 tellego¹
1165 2253 1167 2268 ³

518 2399 579 2483 Ep.
602 2398 698 2466 XVII
708 2423 734 2464 a.

279 2520 335 2576 Sor.
352 2520 493 2574 Brundisi
512 2519 610 2574 XVII
624 2519 661 2574 K.
680 2520 774 2590 Quint.
790 2539 816 2575 a.
833 2525 888 2576 707
908 2523 976 2588 (47).

423 2642 569 2697 croceo
586 2643 734 2698 arrico
752 2643 835 2718 sla.

75 2781 101 2822 25
183 2752 256 2836 Ego
280 2773 354 2816 oum
373 2749 527 2815 Sallustio
547 2749 734 2816 Ciceronem
757 2751 796 2814 ad
816 2748 985 2816 Caesarem
1004 2751 1134 2816 mittere
1155 2770 1169 2817 1

116 2841 313 2926 cogitabam3
346 2838 487 2904 Tulliam
515 2844 623 2903 autem
653 2861 720 2906 non
742 2839 890 2903 videbam
914 2861 984 2904 esse
1007 2861 1137 2904 causam

115 2951 173 2994 our
200 2928 323 2992 diutius
345 2949 471 2992 mecum
494 2931 586 2992 tanto
610 2928 644 2991 in
667 2927 830 2992 communi
852 2949 998 3012 maerore
1021 2929 1136 2992 retine-

115 3040 194 3082 rem.
230 3015 346 3100 Itaque
369 3016 466 3079 matri
490 3038 570 3097 eam,
593 3037 666 3079 oum
689 3017 831 3098 primum
854 3029 918 3100 per
935 3017 1040 3100 ipsam
1062 3016 1136 3079 lice-

115 3109 180 3189 ret,
209 3127 296 3168 eram
319 3105 521 3168 remissurus,
558 3104 661 3187 Paeto,
685 3125 782 3187 quem
804 3103 999 3170 admodum
1022 3125 1136 3166 consu·

76 3223 102 3262 eo
115 3194 200 3258 lenti
224 3193 395 3276 scripsisti,
421 3195 537 3275 putato
562 3214 599 3255 ea
621 3213 673 3256 me
698 3192 876 3277 scripsisse,
901 3213 983 3275 quae
1006 3191 1135 3274 tuipse

116 3281 281 3366 intellegis
305 3281 492 3364 responderi
514 3280 668 3364 potuisse.

184 3368 276 3444 Quod
296 3367 436 3452 Oppium
459 3372 567 3432 tecum
586 3367 700 3432 scribis
718 3368 874 3450 locutum,
896 3389 962 3430 uon
982 3365 1135 3429 abhorret
1154 3383 1170 3430 2

116 3481 136 3522 a
164 3479 237 3521 mea
265 3457 448 3540 suspicione
471 3457 539 3520 eius
564 3457 676 3520 oratio.
724 3454 788 3520 Sed
810 3477 877 3518 non
900 3454 1028 3537 dubito,
1057 3453 1136 3537 quin
