2586 3886
176 146 241 210 144
496 144 534 199 Μ.
553 143 661 198 TULLI
679 141 868 198 CICERONIS

173 291 218 356 sit
239 289 336 354 modo
360 310 511 352 annuum.
559 286 594 354 Si
615 292 820 373 prorogatur,
843 290 951 351 actum
974 290 1032 352 est.
1069 285 1198 352 Verum

173 378 324 464 perfacile
347 377 457 441 resisti
479 380 598 464 potest,
621 381 658 440 tu
681 377 777 440 modo
800 375 922 440 Romae
947 375 1000 440 sis.

137 483 155 533 2
243 465 389 550 Quaeris,
418 465 496 549 quid
522 464 575 528 hic
605 485 706 549 agana.
752 463 803 528 Ita
825 464 946 550 vivam,
972 467 1010 528 ut
1033 464 1194 528 maximos

175 558 323 638 sumptus
351 554 443 618 facio.
495 551 631 616 Mirifice
663 552 803 617 delector
827 551 890 616 hoc
918 553 1081 616 instituto.
1126 550 1195 616 Ad-

173 642 332 706 mirabilis
356 641 553 706 abstinentia
576 663 615 705 ex
633 641 812 725 praeceptis
835 640 917 725 tuis,
944 644 982 704 ut
1004 663 1127 725 verear,
1150 661 1194 705 ne
1231 665 1247 706 c

173 731 264 817 illud,
293 730 379 815 quod
402 733 508 793 tecum
529 730 720 814 permutavi,
742 751 875 794 versura
897 729 979 792 mihi
1002 729 1196 794 solvendum

174 821 226 883 sit.
263 817 351 903 Appi
374 818 507 882 vulnera
528 839 597 881 non
614 818 740 901 refrico,
763 817 819 882 sed
837 820 993 901 apparent
1011 839 1070 882 nec
1089 818 1196 882 occuli

137 911 320 992 spossunt.
369 903 437 970 Iter
463 904 622 970 Laodicea
653 906 810 970 faciebam
837 928 864 970 a.
888 905 917 970 d.
940 923 980 969 111
1006 903 1091 970 Non.
1116 905 1196 971 Sex·

174 996 257 1080 tiles,
281 993 435 1058 cumbas
458 993 585 1058 litteras
609 993 733 1079 dabam,
756 994 792 1058 in
810 997 916 1058 castra
934 994 969 1057 in
987 993 1196 1077 Lycaoniam.

172 1081 252 1146 Inde
275 1083 316 1146 ad
338 1081 481 1147 Taurum
504 1082 697 1167 cogitabam,
720 1086 758 1146 ut
781 1105 854 1146 cum
872 1082 1064 1167 Moeragene
1088 1083 1196 1168 signis
1214 1108 1248 1148 ιο

127 1177 129 1181 ‘
173 1171 310 1255 collatis,
334 1171 363 1234 si
385 1191 524 1256 possem,
547 1171 585 1234 de
609 1192 702 1236 servo
726 1175 784 1235 tuo
810 1171 995 1235 deciderem.

174 1291 370 1358 ‘clitellae
398 1292 489 1359 bovi
520 1296 611 1358 sunt
638 1294 860 1380 impositae;
893 1294 1006 1378 plane
1034 1299 1197 1360 nonest

523 1385 701 1447 ndstrum
729 1383 844 1447 onus?

175 1523 238 1590 Sed
260 1525 409 1611 feremus,
435 1524 541 1610 modo,
560 1524 588 1588 si
610 1545 662 1588 me
685 1546 784 1610 amas,
807 1524 835 1588 si
857 1528 890 1588 te
908 1547 928 1588 a
945 1546 997 1588 me
1015 1524 1115 1588 amari
1133 1525 1196 1610 vie,

174 1613 261 1677 adsis
284 1617 322 1676 tu
345 1613 385 1676 ad
407 1616 546 1698 tempus,
568 1616 606 1676 ut
629 1617 777 1676 senatum
799 1616 908 1677 totum
930 1613 1057 1696 excites.
1103 1611 1247 1680 Miri-15

174 1701 233 1766 fiee
258 1701 417 1766 sollicitus
436 1702 518 1786 sum,
541 1700 627 1785 quod
645 1701 711 1765 iam
728 1701 784 1765 diu
801 1700 883 1764 mihi
901 1701 1015 1785 ignota
1034 1704 1110 1765 sunt
1127 1701 1197 1766 ista

175 1789 291 1854 omnia.
338 1788 452 1874 Quare,
474 1793 512 1852 ut
535 1789 575 1852 ad
596 1793 630 1853 te
653 1793 727 1852 ante
752 1789 875 1874 scripsi,
899 1811 971 1853 cum
994 1793 1099 1854 cetera
1121 1793 1197 1854 tum

175 1899 226 1942 res
259 1877 388 1961 publiea
420 1899 496 1942 cura
527 1879 565 1940 ut
597 1877 680 1940 mihi
711 1881 789 1941 nota
823 1877 874 1942 sit.
924 1876 1023 1941 Plura
1054 1878 1197 1942 scribam

174 1967 198 2050 †
227 1966 318 2029 tarde
345 1965 408 2029 tibi
435 1965 564 2030 redditu
590 1963 645 2049 iri,
675 1965 731 2029 sed
754 1965 869 2030 dabam
892 1965 1045 2030 familiari
1067 1965 1197 2031 homini

175 2074 212 2117 ao
231 2053 417 2138 domestico,
435 2051 469 2119 C.
484 2052 669 2117 Andronico
685 2053 873 2118 Puteolano.
911 2053 961 2117 Tu
975 2057 1083 2119 autem
1097 2075 1196 2138 saepe
1215 2082 1247 2122 20

174 2141 250 2204 dare
286 2141 465 2205 tabellariis
497 2141 745 2225 publicanorum
776 2141 899 2226 poteris
929 2163 986 2225 per
1018 2143 1197 2227 magistros

176 2229 354 2311 scripturae
377 2233 410 2292 et
432 2233 546 2312 portus
568 2232 755 2294 nostrarum
778 2227 978 2294 dioecesium.

640 2422 728 2489 XVI.

176 2541 233 2597 Ser.
248 2541 281 2596 tu
303 2542 401 2599 itinere
419 2561 438 2597 o
456 2542 593 2615 Synnada
611 2545 649 2599 ad
666 2545 859 2600 Philomelium
877 2545 950 2600 tuter
968 2562 993 2600 u.
1009 2544 1036 2600 d.
1055 2545 1123 2601 Vct
1140 2547 1201 2602 III

520 2616 564 2669 ru.
580 2614 652 2670 Sext.
668 2633 693 2671 a.
711 2619 765 2670 703
785 2619 853 2685 (51).
1215 2633 1245 2673 a

498 2736 626 2792 CICERO
645 2737 777 2793 ATTICO
797 2738 872 2794 SAL.

139 2861 154 2908 1
241 2844 316 2908 Etsi
344 2845 380 2909 in
407 2845 479 2928 ipso
508 2847 624 2910 itinere
647 2851 680 2911 et
703 2848 755 2912 via
779 2846 984 2912 discedebant
1007 2847 1199 2931 publicano-

175 2955 249 2996 rum
275 2933 451 3018 tabellarii,
480 2937 512 2997 et
540 2957 666 2999 eramus
694 2936 862 3019 incursu,
889 2939 998 3000 tamen
1021 2937 1198 3021 surripien-

176 3020 252 3085 dum
280 3021 402 3106 aliquid
429 3023 542 3104 putavi
571 3024 681 3108 spatii,
713 3046 753 3088 ne
781 3045 832 3088 me
858 3023 1079 3089 immemorem
1105 3048 1197 3090 man-

109 3138 111 3142 ·
176 3109 243 3172 deti
275 3110 326 3173 tui
356 3113 497 3194 putares.
548 3109 662 3194 Itaque
696 3112 826 3176 subsedi
855 3112 890 3176 in
919 3113 991 3197 ipsa
1017 3113 1084 3197 via,
1117 3114 1197 3179 dum
1213 3145 1245 3186 30

174 3197 261 3281 baec,
285 3219 367 3281 quae
389 3199 570 3283 longiorem
590 3199 772 3263 desiderant
792 3201 982 3287 orationem,
1009 3203 1199 3268 summatim

139 3301 155 3349 2
175 3286 237 3349 tibi
262 3287 503 3370 perscriberem.
549 3286 691 3351 Maxima
714 3289 954 3372 exspectatione
977 3289 1013 3353 in
1035 3290 1200 3374 perditam

175 3378 207 3438 et
230 3376 326 3458 plane
345 3397 488 3439 eversam
507 3375 543 3439 in
560 3379 753 3457 perpetuum
771 3378 972 3459 provinciam
989 3399 1049 3442 nos
1069 3379 1199 3445 venisse

174 3463 256 3527 scito
279 3463 383 3547 pridie
408 3464 480 3529 Kal.
501 3463 649 3548 Sextiles,
671 3468 815 3529 moratos
840 3465 986 3529 triduum
1008 3466 1200 3556 Laodiceae,
