2564 3880
169 151 235 215 318
492 152 530 206 M.
549 152 656 207 TULLI
676 152 866 208 CICERONIS

169 296 302 360 modum
326 316 365 359 ex
387 295 428 360 iis
452 297 652 361 mercedibus
676 297 917 382 suppeditemus
938 298 976 384 ei,
999 297 1087 382 quod
1106 320 1188 381 opus

169 384 220 448 sit.
266 383 444 449 Praestabo
472 407 531 449 nec
558 385 713 450 Bibulum
739 407 798 450 neo
819 384 994 450 Acidinum
1021 408 1080 450 nec
1102 386 1189 451 Mes-

169 472 296 556 sallam,
324 494 406 556 quos
429 471 568 538 Athenis
589 474 719 538 futuros
743 473 848 560 audio,
875 475 1013 539 maiores
1038 479 1187 558 sumptus

167 561 326 646 facturos,
363 583 460 644 quam
496 561 584 645 quod
621 583 660 626 ex
693 563 738 627 eis
770 562 971 626 mercedibus
1004 563 1185 647 recipietur.

168 648 284 733 Itaque
310 649 408 714 velim
435 649 558 735 videas,
585 650 727 732 primum
750 650 960 715 conductores
985 651 1042 734 qui
1066 652 1133 715 sint
1155 655 1186 714 et
1213 675 1223 715 1
1270 693 1271 742 ἦ

168 737 293 824 quanti,
315 737 428 801 deinde
450 741 488 800 ut
512 738 565 820 sit,
588 738 644 820 qui
668 738 708 802 ad
732 737 816 801 diem
837 738 951 824 solvat,
975 742 1007 803 et
1026 739 1105 822 quid
1124 739 1187 803 via
1270 757 1271 804 1

167 826 238 909 tici,
269 824 347 908 quid
369 825 579 890 instrumenti
603 827 682 890 satis
707 827 758 890 sit.
804 824 955 890 lumento
978 831 1063 891 certe
1087 825 1187 891 Athe·

166 915 218 978 nis
239 913 324 977 nihil
347 935 428 996 opus
452 917 509 977 est.
547 912 671 988 Quibus
695 919 804 978 cubem
827 915 863 978 in
884 915 937 978 via
955 918 1076 1001 utatur,
1100 915 1187 979 domi
1270 915 1271 922 '

169 1006 245 1066 sunt
273 1001 380 1086 plura,
408 1023 505 1084 quam
535 1023 616 1085 opus
641 1005 722 1088 crat,
753 1002 841 1086 quod
864 1003 962 1066 etiam
984 1007 1022 1067 tu
1046 1003 1186 1067 animad-
1270 1025 1271 1028 ’

167 1091 277 1155 vertis.
1201 1116 1224 1153 16
1270 1099 1271 1162 J

604 1228 753 1294 XXXIII.

369 1349 427 1405 Ser.
441 1349 563 1404 Asturae
586 1350 649 1403 VII
663 1351 700 1404 K.
715 1350 786 1420 Apr.
801 1369 827 1405 a.
844 1356 899 1407 709
919 1354 988 1421 (45).

473 1473 620 1527 CICERO
637 1473 784 1528 ATTICO
801 1474 885 1529 SAL.

132 1597 147 1644 1
235 1555 322 1667 ugo,
352 1584 390 1645 ut
418 1580 489 1645 heri
513 1580 553 1644 ad
576 1585 609 1645 te
633 1582 761 1666 scripsi,
794 1583 822 1646 si
846 1585 878 1646 et
903 1582 1002 1648 Silius
1026 1584 1055 1648 is
1079 1584 1187 1669 fucrit,

169 1693 264 1757 quem
288 1675 325 1734 tu
347 1673 454 1754 putas,
476 1691 535 1732 nec
557 1668 685 1733 Drusus
706 1671 834 1735 facilem
851 1693 885 1735 se
904 1672 1099 1754 praebuerit,
1123 1671 1187 1736 Da·
1201 1695 1223 1735 15

167 1760 352 1843 masippum
384 1758 482 1822 velim
514 1757 709 1842 adgrediare.
760 1757 802 1844 Is,
836 1759 964 1843 opinor,
997 1760 1044 1823 ita
1077 1765 1187 1843 partes

167 1849 243 1913 fecit
275 1848 310 1911 in
341 1847 413 1929 ripa
444 1846 552 1910 nescio
586 1849 802 1929 quotenorum
834 1846 996 1932 iugerum,
1029 1851 1067 1911 ut
1101 1852 1188 1912 certa

167 1937 273 2020 pretia
295 1934 521 2019 constitueret,
544 1931 725 2016 quaemihi
747 1939 827 1998 nota
849 1955 916 1998 non
935 1939 1019 1999 sunt.
1059 1935 1188 2001 Scribes

168 2025 208 2089 ad
230 2046 283 2088 me
305 2023 416 2108 igitur,
440 2021 593 2105 quicquid
616 2023 728 2106 egeris.

131 2126 148 2174 2
235 2111 451 2177 Vehementer
473 2131 525 2174 me
549 2110 704 2174 sollicitat
722 2109 850 2174 Atticae
872 2115 1004 2176 nostrae
1024 2113 1188 2199 valetudo,
1202 2137 1225 2176 1ο

168 2205 205 2265 ut
227 2222 338 2265 verear
362 2199 469 2284 etiam,
492 2220 532 2263 ne
556 2219 638 2281 quac
662 2197 756 2282 culpa
775 2199 826 2263 sit.
865 2197 927 2263 Sed
950 2203 983 2264 61
1005 2201 1188 2287 paedagogi
1270 2207 1271 2280 1

167 2289 314 2374 probitas
345 2289 377 2350 et
407 2285 522 2350 medici
551 2285 728 2350 adsiduitas
752 2291 784 2351 et
807 2291 877 2351 tota
900 2287 1013 2352 domus
1037 2289 1073 2353 in
1097 2291 1188 2354 omni
1270 2287 1271 2296 ’

167 2399 284 2462 genere
317 2374 455 2458 diligens
486 2395 538 2437 me
570 2395 682 2437 rursus
710 2374 743 2438 id
771 2375 929 2459 suspicari
954 2380 1052 2441 vetat.
1101 2375 1188 2443 Cura

167 2467 283 2550 igitur,
306 2463 401 2546 plura
424 2461 510 2526 enim
532 2483 600 2525 non
622 2484 763 2545 possum.

600 2673 747 2739 XXXIV.
1202 2702 1224 2742 sc

372 2792 430 2849 Scr.
444 2793 565 2849 Asturae
582 2794 640 2847 III
655 2795 692 2848 K.
707 2795 776 2863 Apr.
792 2757 824 2850 a..
835 2800 890 2851 709
909 2799 978 2865 (45).

472 2917 618 2972 CICERO
635 2917 783 2972 ATTICO
801 2918 884 2973 SAL.

132 3042 147 3089 1
234 3024 307 3110 Ego
335 3023 389 3088 hio
416 3024 468 3088 vel
496 3025 564 3088 sine
594 3023 684 3089 Sicca
708 3023 835 3112 (Tironi
863 3028 948 3092 enim
975 3028 1091 3094 melius
1121 3029 1187 3118 ost)

167 3114 321 3180 facillime
343 3134 474 3197 possem
497 3134 567 3176 esse
590 3117 627 3176 ut
650 3113 685 3176 in
707 3115 817 3202 melis,
846 3115 910 3202 sed,
938 3138 1038 3200 quom
1062 3117 1186 3183 scribes

166 3203 340 3268 videndum
361 3201 443 3266 milri
466 3223 549 3286 csse,
576 3222 617 3265 ne
641 3203 818 3290 opprimar,
846 3225 885 3267 ex
909 3226 973 3288 quo
997 3205 1186 3291 intellegam
1200 3231 1223 3271 16

167 3294 200 3354 16
223 3294 346 3356 certum
370 3290 451 3353 diem
477 3290 565 3354 illius
588 3290 799 3372 profectionis
822 3313 889 3356 non
911 3292 1043 3377 habere,
1070 3295 1185 3378 putavi

167 3400 237 3442 esse
260 3377 458 3442 commodius
481 3399 532 3440 me
550 3378 635 3441 istuc
653 3378 776 3462 venire,
800 3379 886 3462 quod
905 3380 991 3444 idem
1009 3380 1103 3446 video
1122 3383 1186 3446 tibi

167 3465 301 3548 placere.
335 3463 417 3530 Cres
441 3465 542 3549 igitur
563 3465 598 3528 in
616 3463 725 3528 Siccae
744 3466 939 3532 suburbano.
977 3468 1063 3552 Inde,
1088 3491 1185 3552 quem
1269 3457 1271 3604 4
