2564 3880
184 215 189 230 ‚
302 163 562 217 EPISTULARUM
580 163 630 216 AD
649 163 813 218 ATTICUM
832 163 882 218 XV
901 169 926 232 5,
946 169 970 217 6.
1082 163 1147 228 471

611 411 667 478 Vl.

238 533 294 588 Ser.
307 533 339 586 ia
359 533 517 587 Tusculano
541 533 586 588 VI
601 533 637 588 Κ.
653 534 718 588 Iwrs.
733 535 837 603 vesperi
855 552 881 588 c.
897 537 951 588 710
970 537 1039 602 (44).

453 656 597 710 CICERO
613 656 760 712 ATTICO
777 657 860 712 SAL.

197 761 279 827 Oum
311 764 351 827 ad
376 785 429 827 me
455 763 577 828 Brutus
605 771 717 829 noster
745 765 926 848 scripsisset
950 770 982 828 et
1005 762 1181 850 Oassius,1

99 856 167 919 sut
194 851 354 938 Hirtium,
386 852 443 936 qui
474 853 577 916 adhuc
607 854 712 917 bonus
740 854 855 917 fuisset
883 852 977 893 *²¹⁸*
1008 852 1146 916 sciebam

127 962 233 1023 neque
261 962 334 1004 eum
357 940 556 1004 confidebam
579 942 648 1004 fore
671 963 743 1004 mea
766 941 958 1005 auctoritate
981 941 1146 1008 meliorem

129 1027 290 1114 (Antonio
319 1032 368 1092 est
396 1028 482 1092 enim
508 1029 647 1092 fortasse
675 1029 802 1113 iratior,
835 1050 948 1092 causae
971 1050 1046 1091 vero
1069 1029 1146 1092 ami-

128 1113 303 1202 cissimus),
316 1119 425 1180 tamen
444 1116 485 1180 ad
503 1138 577 1180 eum
597 1117 711 1200 scripsi
729 1117 822 1200 eique
841 1117 1032 1200 dignitatem
1050 1115 1146 1179 Bruti

129 1208 162 1268 11
196 1202 288 1268 Cassi
319 1205 546 1269 commendavi.
600 1202 661 1268 Ille
693 1205 771 1288 quid
803 1204 885 1267 mihi
917 1204 1146 1287 rescripsisset,

83 1291 212 1359 rescire
234 1295 267 1354 te
289 1293 392 1376 volui,
416 1293 444 1356 si
467 1293 552 1356 forte
575 1292 658 1356 idem
681 1295 718 1355 tu
742 1292 828 1374 quod
851 1313 911 1376 ego
934 1293 1145 1374 existimares,

128 1382 212 1444 istos
231 1380 329 1443 etiam
346 1401 433 1444 nunc
450 1381 562 1464 vereri,
585 1402 626 1444 ne
643 1381 728 1444 forte
747 1381 810 1462 ipsi
828 1380 934 1444 nostri
952 1381 1026 1462 plus
1046 1381 1146 1444 animi

127 1468 270 1531 habeant
294 1490 391 1551 quam
414 1467 544 1532 habent.

326 1605 517 1660 ‘HIRTIUS
541 1604 742 1660 CICERONI
767 1604 844 1660 SUO
870 1605 953 1660 SAL.

197 1714 346 1778 Rurece
368 1715 442 1778 iam
465 1713 657 1798 redierim,
676 1714 839 1797 quaeris.
876 1712 933 1777 An
958 1733 1040 1798 ego,
1063 1731 1180 1777 cums

87 1825 260 1870 somnes
305 1802 475 1884 caleant,
521 1802 720 1886 ignaviter
765 1801 927 1885 aliquid
972 1801 1144 1866 faciam?

128 1891 258 1956 Etiam
296 1911 338 1954 ex
374 1891 468 1954 urbe
505 1912 585 1953 sum
617 1890 832 1973 profectus,
869 1889 1013 1953 utilius
1047 1889 1145 1952 enim

130 1979 255 2043 statui
276 1979 423 2042 abesse.
469 1977 548 2042 Has
572 1977 649 2041 tibi
671 1977 832 2041 litteras
856 1979 988 2041 exiens
1012 1977 1051 2041 in
1074 1977 1145 2041 Tu-

129 2066 329 2132 sculanum
367 2066 515 2148 scripsi
570 2063 661 2129 Noli
694 2070 758 2130 aut
764 2087 819 2129 em
850 2088 906 2130 me
938 2070 1015 2129 tam
1047 2070 1144 2130 s-tre

129 2177 248 2220 nuum
279 2157 429 2238 putare,
465 2158 507 2217 ut
540 2153 584 2217 ad
615 2152 745 2217 Nonas
778 2174 980 2218 recurram,
1033 2152 1145 2217 Nihil

85 2242 229 2310 suenim
256 2242 330 2306 iam
357 2241 470 2306 video
499 2263 598 2324 opus
626 2263 709 2305 esse
736 2246 870 2306 nostra
897 2263 1000 2343 cura,
1028 2263 1144 2326 quon·

130 2332 205 2394 iam
228 2329 429 2412 praesidia
453 2334 542 2393 sunt
565 2330 605 2394 in
627 2334 686 2394 tot
710 2351 828 2394 annos
852 2331 1014 2413 provise
1051 2327 1145 2394 Bru-

130 2423 195 2482 tus
232 2422 269 2481 11
302 2415 459 2482 Cassius
492 2417 654 2502 utinam,
692 2440 802 2501 quam
831 2418 947 2482 facile
980 2439 998 2481 a
1029 2421 1069 2482 te
1102 2418 1144 2482 de

130 2527 187 2570 me
219 2505 428 2588 impetrare
460 2509 638 2590 possunt,
670 2506 726 2569 ita
757 2528 823 2589 per
855 2511 892 2569 te
922 2510 1145 2591 exorentur,

130 2615 176 2658 ne
205 2593 305 2677 quod
331 2593 495 2657 calidius
524 2593 655 2658 ineant
684 2594 907 2658 consilium!
948 2592 1143 2658 Cedentes

88 2709 116 2750 as
132 2683 234 2746 enim
269 2681 362 2745 haec
398 2681 454 2744 ais
488 2681 695 2763 scripsisse
727 2720 770 2728 -
804 2703 875 2765 qno
910 2685 974 2745 aut
1008 2683 1144 2766 quare?

131 2769 285 2854 Retine,
309 2770 467 2834 obsecro
491 2773 543 2854 te,
565 2767 716 2854 Cicero,
738 2769 831 2833 11101
855 2773 891 2833 11
914 2769 996 2834 noli
1020 2771 1180 2834 11111113

131 2859 225 2922 haec
258 2857 384 2921 omnia
415 2857 557 2940 perire,
590 2878 685 2940 quae
716 2857 894 2922 funditus
925 2860 1067 2922 medius
1099 2859 1145 2921 fi-

131 2946 218 3010 dius
241 2945 402 3029 rapinis,
424 2944 629 3030 incendiis,
652 2945 832 3008 caedibus
856 2949 1145 3028 pervertuntur.

132 3033 311 3119 Tantum,
344 3035 378 3097 si
406 3033 497 3117 quid
523 3033 678 3118 timent,
710 3038 886 3118 caveant,
913 3033 1016 3097 nihil
1043 3055 1145 3116 prae·

90 3121 489 3190 1011111110111111111.
526 3119 612 3185 Non
634 3121 779 3185 medius
803 3122 924 3185 fidius
948 3121 1145 3184 acerrimis

132 3209 312 3275 consiliis
345 3209 433 3292 plus
466 3231 575 3293 quam
607 3209 722 3273 etiam
754 3209 1024 3291 inertissimis,
1060 3209 1146 3272 dum

132 3298 241 3362 modo
265 3297 545 3382 diligentibus,
567 3301 862 3380 consequentur.
909 3295 1011 3360 Haec
1034 3297 1147 3382 enim,

133 3407 231 3470 quae
254 3386 398 3471 fluunt,
420 3407 487 3468 per
510 3407 548 3448 se
572 3385 756 3450 diuturna
778 3406 854 3449 11011
878 3389 980 3468 sunt,
1002 3385 1042 3447 in
1061 3406 1147 3449 con-

133 3474 310 3539 tentione
333 3476 559 3558 praesentes
584 3473 627 3537 ad
645 3474 855 3537 nocendum
873 3472 1017 3536 habent
1034 3473 1146 3537 vires.
