2616 3884
173 120 239 186 238
495 120 532 174 Μ.
552 120 661 174 TULLI
678 119 867 176 CICERONIS
1298 85 1307 248 l

172 263 263 328 nulls
286 267 369 327 sunt.
406 261 510 328 Nemo
534 263 620 328 enim
641 265 746 329 nostri
770 265 890 328 ordinis
913 264 949 328 in
966 264 1017 329 his
1036 265 1118 329 locis
1137 270 1186 331 est

174 356 301 435 praeter
325 351 366 415 M.
390 352 547 437 Eppium,
576 373 671 436 quem
698 373 758 436 ego
782 351 964 417 Menturnis
993 375 1062 417 esse
1088 354 1186 438 volui,

174 441 365 524 vigilantem
389 439 553 505 hominem
576 445 608 504 et
630 441 832 505 industrium.
878 439 964 505 Nam
985 440 1020 505 L.
1045 441 1186 526 Torqua-

173 533 257 613 tum,
283 528 389 592 virum
416 529 534 593 fortem
561 533 594 592 et
621 549 694 592 cum
721 529 926 612 auctoritate,
953 527 1092 594 Formiis
1119 551 1187 595 non

172 616 339 701 habemus,
362 616 402 680 sd
424 620 457 680 te
479 617 660 700 profectum
683 617 886 682 arbitramur.
1210 646 1221 686 s
1306 671 1307 680 .

137 721 153 769 a
241 705 314 789 Ego
342 705 487 790 omnino,
514 709 552 769 ut
578 705 724 788 proxime
747 705 810 769 tibi
836 705 1011 793 placuerat,
1042 704 1184 790 Capuam
1306 739 1307 768 1

172 793 247 858 veni
270 815 306 856 eo
329 791 401 875 ipso
424 793 489 878 die,
512 815 575 876 quo
599 798 636 857 tu
659 793 766 858 Teano
791 792 931 858 Sidicino
956 815 989 858 es
1012 795 1184 877 profectus.

172 880 331 945 Volueras
355 880 441 943 enim
463 902 515 945 me
538 903 610 945 cum
633 881 675 945 M.
700 879 852 946 Considio
876 904 934 965 pro
958 886 1107 965 praetore
1128 883 1185 948 illa
1306 909 1307 912 ¹

172 969 304 1052 negotia
335 969 427 1032 tueri.
479 967 561 1033 Cum
593 990 630 1033 eo
662 970 834 1054 venissem,
870 971 936 1034 vidi
968 971 1002 1034 T.
1030 971 1184 1054 Ampium

172 1056 324 1119 dilectum
350 1055 468 1120 habere
498 1057 756 1141 diligentissime,
787 1058 827 1122 ab
858 1079 895 1122 eo
925 1059 1067 1142 accipere
1089 1058 1184 1123 Libo·
1197 1087 1223 1126 ro
1306 1073 1307 1144 ᾗ

171 1165 255 1229 nem,
278 1166 402 1208 summa
424 1145 503 1207 item
526 1145 694 1230 diligentia
717 1149 748 1210 et
771 1146 807 1209 in
829 1146 885 1210 illa
904 1146 1029 1210 colonia
1047 1149 1185 1212 auctori·
1306 1149 1307 1154 ’

172 1235 247 1296 tate.
293 1230 355 1295 Fui
378 1230 518 1315 Capuae,
548 1234 654 1316 quoad
684 1234 839 1298 consules,
886 1233 1020 1320 Iterum,
1049 1240 1087 1299 ut
1115 1240 1184 1300 erat

172 1320 313 1384 edictum
336 1320 568 1405 aconsulibus,
591 1322 664 1385 veni
683 1320 825 1405 Capuam
844 1321 884 1386 ad
902 1322 1013 1388 Nonas
1032 1322 1183 1389 Februar.
1306 1389 1307 1400 ,

173 1406 254 1472 Cum
276 1408 411 1473 fuissem
434 1408 587 1494 triduum,
609 1411 714 1493 recepi
736 1432 788 1474 me
810 1409 965 1475 Formias.
1306 1409 1307 1412 ’

135 1515 152 1562 3
238 1494 334 1560 Nunc
363 1497 449 1580 quod
478 1501 571 1560 tuum
601 1499 771 1562 consilium
801 1503 857 1563 aut
887 1521 968 1583 quae
995 1500 1079 1564 ratio
1107 1499 1185 1564 belli
1199 1527 1225 1568 15

172 1585 224 1669 sit,
246 1585 369 1670 ignoro.
417 1583 452 1648 Si
481 1585 651 1650 tenendum
679 1586 762 1650 hane
792 1608 882 1650 oram
907 1593 1018 1674 putas,
1047 1610 1129 1672 quae
1152 1594 1185 1654 et
1306 1605 1307 1616 ¹

173 1673 427 1756 oportunitatem
458 1677 490 1737 et
520 1674 712 1759 dignitatem
740 1675 838 1739 habet
865 1679 898 1738 et
929 1676 1075 1761 egregios
1099 1677 1183 1741 cives

171 1766 212 1845 et,
234 1766 272 1826 ut
295 1761 445 1845 arbitror,
468 1763 570 1826 teneri
592 1766 715 1847 potest,
738 1784 819 1846 opus
843 1767 892 1828 est
916 1785 993 1847 esse,
1017 1765 1073 1847 qui
1094 1786 1185 1848 prac-

172 1851 228 1934 sit,
252 1851 303 1915 sin
327 1850 434 1913 omnia
456 1849 492 1913 in
513 1872 614 1913 unum
636 1851 743 1915 locum
766 1851 982 1916 contrahenda
1006 1853 1095 1936 sunt,
1117 1875 1185 1917 non

171 1938 295 2024 dubito,
314 1939 393 2021 quin
411 1938 451 2001 ad
469 1941 501 2000 te
521 1938 634 2002 statim
651 1939 786 2024 veniam,
810 1961 874 2022 quo
892 1941 974 2004 mihi
991 1940 1075 2004 nihil
1094 1945 1184 2024 opta·
1199 1969 1227 2008 so

170 2027 236 2089 tius
260 2029 322 2108 est,
351 2026 449 2109 idque
471 2029 590 2109 tecum,
621 2048 684 2109 quo
715 2027 766 2090 die
796 2029 837 2091 ab
860 2028 939 2092 urbe
969 2028 1185 2112 discessimus,

169 2112 297 2177 locutus
318 2135 396 2178 sum.
429 2113 511 2198 Ego,
535 2114 563 2177 si
582 2114 659 2197 quoi
677 2114 779 2179 adhue
797 2116 907 2180 videor
927 2117 1056 2200 segnior
1074 2117 1185 2202 fuisse,

170 2201 247 2264 dum
268 2223 308 2264 ne
332 2201 394 2264 tibi
411 2201 529 2286 videar,
551 2223 619 2266 non
640 2202 753 2268 laboro
774 2207 941 2290 ettamen,
965 2205 1001 2289 si,
1024 2209 1062 2270 ut
1080 2205 1185 2290 video,

170 2287 290 2352 bellum
313 2288 488 2373 gerendum
510 2293 568 2372 est,
591 2291 715 2354 confido
738 2313 790 2354 me
814 2293 963 2356 omnibus
985 2293 1079 2357 facile
1103 2295 1184 2358 satis

133 2395 151 2441 4
169 2377 337 2440 facturum.
374 2375 417 2440 M.
437 2377 588 2457 Tullium,
611 2401 719 2442 meum
741 2381 966 2466 necessarium,
989 2381 1029 2444 ad
1047 2385 1080 2446 te
1098 2381 1184 2466 misi,
1200 2408 1227 2450 ss

170 2465 290 2549 cuitu,
314 2465 341 2528 si
364 2465 426 2528 tibi
448 2465 618 2550 videretur,
643 2467 682 2531 ad
705 2489 756 2532 me
779 2467 906 2533 litteras
930 2469 1029 2533 dares.

659 2730 693 2796 C.

314 2891 317 2896 ,
373 2848 429 2903 Ser.
451 2849 557 2905 Canusi
575 2851 607 2905 X
623 2851 660 2905 K.
681 2852 769 2906 Mart.
790 2869 814 2905 a.
836 2855 891 2907 705
911 2856 979 2922 (49).

258 2971 312 3025 CN.
332 2971 484 3027 MAGNUS
503 2972 651 3028 PROCOS.
672 2974 698 3029 S.
718 2974 751 3029 D.
771 2975 808 3028 M.
829 2975 999 3031 CICERONI
1018 2975 1090 3030 IMP.

132 3067 135 3076 ’
235 3077 265 3144 S.
289 3079 328 3142 V.
351 3079 388 3143 Β.
434 3081 519 3144 Tuas
549 3081 676 3146 litteras
706 3083 844 3147 libenter
874 3083 947 3167 legi.
994 3083 1184 3170 Recognovi
1200 3113 1229 3153 so

168 3168 253 3232 enim
275 3172 366 3232 tuam
393 3169 564 3251 pristinam
591 3170 745 3234 virtutem
775 3171 873 3235 etiam
898 3172 935 3236 in
964 3172 1067 3236 salute
1097 3195 1184 3238 eom-

167 3256 265 3321 muni.
313 3255 468 3320 Consules
492 3258 532 3320 ad
559 3278 632 3320 eum
661 3259 849 3343 exercitum,
878 3282 974 3343 quern
1003 3261 1039 3324 in
1060 3259 1184 3344 Apulia

166 3345 275 3428 habui,
297 3348 461 3408 venerunt.
499 3344 618 3429 Magno
643 3366 737 3427 opere
760 3349 793 3410 te
815 3346 930 3411 hortor
952 3370 1011 3432 pro
1035 3353 1092 3414 tuo
1117 3350 1184 3414 sin-

168 3432 273 3516 gulari
296 3437 515 3516 perpetuoque
539 3432 645 3496 studio
669 3433 704 3496 in
727 3455 794 3498 rem
817 3435 993 3522 publicam,
1019 3441 1057 3500 ut
1083 3441 1117 3500 te
1140 3439 1184 3502 ad
