2568 3888
275 134 532 190 EPISTULARUM
548 136 598 190 AD
617 136 781 192 ATTIOUM
798 137 825 190 Il
844 142 921 192 5-7,
1061 139 1105 203 49

83 296 145 338 non
164 276 280 341 solum
293 277 458 363 nonlicet,
482 279 537 342 sed
551 279 649 342 etiam
663 279 779 344 taedet.
807 280 922 364 Itaque
936 279 1107 366 ἀνέκδοτα,

83 385 161 446 quae
183 365 254 428 tibi
277 365 336 429 uni
358 365 516 451 legamus,
544 366 766 451 Theopompio
791 389 905 452 genere
929 372 985 432 aut
1008 369 1107 434 etiam

83 452 248 534 asperiore
280 453 385 518 multo
415 457 605 539 pangentur.
660 453 775 539 Neque
807 456 895 519 aliud
926 455 991 520 iam
1021 458 1107 541 quic-

81 561 175 623 quam
201 542 425 626 πολιτεύομαι
453 543 519 607 nisi
549 543 653 607 odisse
682 543 849 627 improbos
879 547 913 607 et
939 543 974 608 id
999 544 1107 628 ipsum

58 627 168 779 milo
194 650 275 694 cum
298 629 479 715 stomacho,
508 631 563 694 sed
586 631 696 714 potius
721 653 793 696 oum
816 632 925 715 aliqua
948 633 1108 696 scribendi

80 737 117 779 vc
132 720 262 800 uptate.

143 802 213 868 Sed
237 808 277 869 ut
301 806 341 869 ad
363 828 444 889 rem,
476 807 591 890 scripsi
622 807 662 870 ad
693 812 879 891 quaestores
903 807 1044 872 urbanos
1068 809 1106 872 de

82 888 195 966 Quinti
228 893 343 958 fratris
377 894 518 978 negotio.
569 894 665 981 Vide,
701 895 777 978 quid
808 899 953 981 narrent,
989 917 1106 980 ecquae

81 1000 151 1061 spes
184 981 234 1046 sit
264 982 401 1067 denarii,
431 1005 473 1046 an
502 983 688 1066 cistophoro
712 982 909 1067 Pompeiano
937 984 1105 1049 iaceamus.

49 1091 68 1128 u
79 1064 255 1134 Praeterea
281 1070 321 1133 de
348 1091 441 1134 muro
471 1073 577 1136 statue
601 1070 679 1155 quid
705 1071 886 1136 faciendum
910 1072 961 1137 sit.
1007 1071 1107 1137 Aliud

81 1156 179 1237 quid?
215 1157 337 1222 Etiam.
385 1157 518 1234 Quando
548 1163 581 1223 ta
609 1159 770 1242 proficisci
792 1160 891 1224 istinc
920 1163 1029 1246 putes,
1056 1161 1106 1226 fao

80 1247 114 1307 ut
137 1246 253 1310 sciam.

590 1368 632 1434 ll.

346 1472 402 1526 Sor.
421 1472 493 1526 Anti
510 1491 544 1526 m.
559 1369 634 1542 llpr.
654 1490 680 1526 ο.
701 1475 757 1527 695
776 1476 845 1541 (59).

52 1601 72 1640 15
408 1575 537 1632 CICERO
554 1576 687 1632 ATTICO
707 1577 781 1632 SAL.

145 1683 198 1749 De
230 1685 431 1770 geographia
457 1687 556 1750 etiam
586 1690 683 1770 atque
719 1685 817 1750 etiam
846 1685 1141 1754 deliberabimus.1

86 1769 257 1838 Orationes
281 1777 390 1838 autem
413 1796 431 1837 a
449 1795 501 1838 me
523 1774 602 1838 duas
625 1774 787 1858 postulas3
811 1795 949 1858 quarum
971 1775 1106 1839 alteram

85 1881 146 1924 non
172 1862 302 1926 libebat
329 1861 410 1926 mihi
438 1861 591 1946 scribere,
622 1863 646 1946 †
672 1862 730 1946 qui
760 1861 932 1946 absciram,
963 1863 1106 1947 alteram,

86 1969 122 2012 ne
142 1950 314 2014 laudarem
337 1971 419 2035 oum,
442 1972 538 2034 quem
556 1972 623 2014 non
642 1950 796 2014 amabam.
836 1948 898 2014 Sed
920 1950 954 2015 id
978 1972 1107 2035 quoque

54 2035 275 2103 revidebimus.
327 2037 476 2122 Denique
505 2038 629 2122 aliquid
658 2038 814 2122 exstabit,
848 2059 890 2102 ne
918 2039 982 2103 tibi
1010 2039 1106 2123 plane

87 2144 228 2190 coesasse
249 2126 425 2191 videamur.

146 2214 200 2279 De
223 2213 342 2280 Publio
366 2236 448 2299 quae
470 2215 512 2278 ad
533 2236 584 2278 me
608 2214 737 2297 scribis,
760 2235 837 2278 sane
858 2213 941 2278 mihi
963 2215 1139 2280 iucundas

86 2307 177 2387 sunt,
209 2324 310 2386 eaque
340 2303 439 2366 etiam
468 2303 566 2367 velim
596 2302 747 2366 omnibus
776 2301 924 2388 vestigiis
954 2302 1106 2387 indagata

86 2389 123 2453 ad
144 2413 199 2464 me
223 2391 357 2475 adferas,
380 2413 454 2454 cum
476 2391 594 2474 venies,
617 2394 649 2453 et
671 2389 794 2454 interea
817 2390 953 2474 scribas,
976 2391 1005 2455 si
1028 2390 1107 2474 quid

54 2475 256 2563 uintelleges
288 2483 344 2542 aut
374 2478 591 2562 suspicabare,
625 2480 658 2541 et
692 2499 841 2541 maxume
871 2478 909 2542 de
943 2478 1105 2562 legatione

87 2568 163 2649 quid
176 2568 222 2631 sit
237 2571 377 2632 acturus.
413 2566 584 2650 Equidem,
603 2569 776 2650 antequam
794 2568 868 2631 tuas
886 2565 952 2651 legi
970 2566 1107 2653 litteras,

86 2653 117 2719 in
148 2656 332 2738 legationem
360 2655 526 2719 hominem
554 2655 601 2718 ire
624 2653 804 2738 cupiebam,
832 2676 898 2719 non
924 2653 1106 2718 mehercule

86 2747 120 2806 ut
143 2744 309 2808 differrem
331 2765 405 2807 cum
428 2764 465 2807 eo
488 2742 709 2807 vadimonium
732 2739 821 2828 (nam
843 2742 926 2806 mira
949 2765 1021 2806 sum
1044 2743 1107 2806 ala·

87 2832 200 2896 oritate
230 2832 271 2895 ad
300 2828 523 2918 litigandum),
556 2830 613 2894 sed
641 2830 812 2894 videbatur
841 2829 935 2917 mihi,
967 2830 996 2894 si
1029 2831 1107 2914 quid

56 2924 170 2984 cesset
198 2919 233 2983 in
256 2941 290 2984 ec
317 2920 487 3004 populare,
517 2919 604 3002 quod
632 2918 778 3001 plebeius
808 2918 913 2984 factus
945 2921 1043 3002 esset,
1072 2918 1107 2982 id

87 3009 274 3072 amissurus.
312 3006 409 3083 ‘Quid
427 3007 534 3071 enim?
559 3006 599 3070 ad
616 3007 744 3090 plebem
758 3006 916 3090 transisti,
939 3009 976 3070 ut
994 3006 1106 3092 Tigra-

86 3117 158 3160 nem
177 3097 243 3160 ires
263 3095 461 3160 salutatum?
498 3093 605 3158 Narra
622 3095 713 3180 mihi,
735 3116 827 3179 reges
842 3093 988 3158 Armenii
1007 3093 1106 3177 patri-

88 3184 152 3249 cios
176 3183 354 3249 resalutare
383 3205 451 3248 non
478 3181 618 3248 solent?'
664 3182 749 3259 Quid
776 3182 925 3266 quaeris?
959 3203 1106 3246 acueram

87 3293 133 3337 mc
162 3273 204 3336 ad
235 3271 460 3356 exagitandam
490 3271 573 3335 hanc
603 3271 672 3336 eius
701 3270 904 3355 legationem.
951 3268 1055 3345 Quam
1078 3269 1107 3332 si

57 3360 141 3425 aille
163 3361 354 3445 contemnit,
376 3365 409 3424 et
433 3359 470 3443 si,
492 3363 530 3423 ut
554 3359 678 3442 scribis,
701 3358 800 3422 bilem
818 3357 852 3420 id
870 3361 1050 3422 commovet
1074 3359 1106 3420 et

88 3448 246 3513 latoribus
264 3452 298 3512 et
312 3447 497 3532 auspicibus
509 3447 592 3531 legis
610 3447 761 3530 curiatae,
780 3445 998 3529 spectaculum
1016 3464 1107 3527 egre-

140 3562 180 3603 Glo
201 3562 268 3611 epist.
282 3561 309 3601 ΙΙ
927 3552 944 3597 4
