2578 3886
169 144 234 209 306
490 143 528 198 M.
548 144 656 197 TULLI
675 143 865 199 CICERONIS

659 375 698 441 Α.

170 496 401 572 ‘ANTONIUS
416 498 522 552 TRIB.
537 497 598 551 PL.
614 495 695 551 PRO
710 497 770 552 PR.
787 495 990 551 CICERONI
1004 496 1087 551 IMP.
1104 496 1194 552 SAL.

134 623 149 670 1
236 603 324 669 Nisi
365 609 402 669 te
443 605 554 669 valde
597 627 760 669 amarem
802 610 839 669 et
878 605 1003 668 multo
1037 603 1195 691 quidem

169 693 270 778 plus,
301 716 410 778 quam
438 698 481 756 tu
508 697 637 777 putas,
664 714 740 757 uon
772 692 1035 756 extimuissem
1063 715 1195 757 rumo-

169 804 261 865 rem,
294 782 358 865 qui
393 781 437 844 dc
470 785 507 844 10
536 781 713 864 prolatus
742 785 814 863 est,
847 803 928 844 cum
956 782 1195 864 praesertim
1224 808 1235 848 ⁵

169 869 310 933 falsum
338 891 421 932 esse
451 869 725 933 existimarem.
773 867 857 954 Sed,
886 869 975 951 quia
1001 873 1039 932 10
1068 869 1193 933 nimio

168 957 255 1040 plus
285 957 423 1042 diligo,
449 978 525 1021 11011
553 979 709 1040 possum
738 957 983 1021 dissimulare
1011 957 1107 1020 mihi
1136 959 1194 1022 fa-

167 1067 263 1109 mam
296 1067 462 1128 quoque,
500 1045 672 1128 quamvis
707 1045 759 1108 sit
790 1045 904 1129 falsa,
942 1045 1071 1129 magui
1104 1066 1193 1110 esse.

171 1134 392 1196 Petitarum
424 1154 507 1197 esse
539 1137 647 1197 trans
680 1155 784 1197 mare
814 1133 966 1196 credere
995 1155 1072 1197 non
1102 1156 1194 1216 pos-

170 1243 266 1307 sum,
305 1243 389 1284 cum
428 1222 530 1285 tanti
569 1222 691 1285 facias
731 1219 979 1285 Dolabellam
1018 1228 1051 1286 01
1098 1222 1235 1290 Τ111-10

168 1308 260 1372 liam
286 1313 402 1394 tuam,
430 1310 606 1373 feminam
633 1309 905 1395 lectissimam,
933 1310 1113 1393 tantique
1143 1311 1193 1375 ab
1236 1331 1238 1337 ’

170 1397 347 1461 omuibus
377 1398 491 1462 nobis
521 1399 610 1482 fias,
644 1397 783 1481 quibus
813 1397 1030 1461 mehercule
1060 1398 1194 1482 digni-

168 1489 230 1549 tas
264 1486 557 1568 amplitudoque
587 1490 653 1549 tua
683 1507 803 1568 paene
834 1486 964 1549 carior
993 1490 1051 1549 est
1077 1508 1193 1570 quam

168 1575 244 1638 tibi
273 1575 356 1657 ipsi.
405 1573 477 1638 Sed
503 1579 632 1638 tamen
654 1596 731 1637 non
755 1596 838 1637 sum
861 1574 1080 1637 arbitratus
1105 1596 1193 1639 esse

168 1663 280 1726 amici
306 1683 381 1725 non
409 1663 640 1726 commoveri
668 1663 786 1726 etiam
814 1663 1079 1744 improborum
1109 1685 1232 1730 ser-15
1281 1735 1282 1742 ,

167 1772 277 1814 mone
301 1753 416 1833 atque
440 1772 480 1814 eo
501 1751 575 1814 feci
595 1749 829 1835 studiosius,
853 1751 952 1833 quod
971 1750 1192 1815 iudicabam
1281 1743 1282 1754 ¹

168 1839 345 1903 duriores
374 1842 505 1920 partes
535 1838 630 1901 mihi
653 1839 861 1921 impositas
886 1860 970 1902 esse
993 1838 1037 1901 ab
1062 1840 1191 1902 offen-

168 1927 275 1990 sione
312 1930 463 2012 uostra,
504 1948 614 2009 quae,
640 1927 763 2010 magis
800 1949 818 1989 a
856 1929 1069 2012 ζηλοτυπίᾳ
1106 1949 1191 1991 mea

168 2037 280 2098 quam
309 2013 352 2077 ab
381 2014 527 2078 iniuria
554 2012 620 2078 tua
646 2019 738 2078 nata
769 2019 834 2078 est.
882 2011 944 2079 Sic
972 2015 1072 2078 euim
1096 2016 1189 2080 volo

166 2107 204 2165 te
232 2102 306 2165 tibi
334 2103 582 2187 persuadere,
608 2101 702 2165 mihi
729 2104 916 2165 neminem
944 2124 1028 2166 esse
1058 2104 1230 2170 cario-ro

166 2212 244 2253 rem
271 2194 309 2253 te
337 2195 495 2273 excepto
527 2188 690 2254 Caesare
717 2213 800 2254 meo
830 2211 962 2274 meque
985 2189 1084 2253 illud
1112 2215 1189 2256 una

166 2278 351 2362 iudicare,
379 2276 580 2342 Caesarem
607 2278 770 2341 maxime
797 2279 836 2342 in
865 2279 944 2342 suis
967 2277 1010 2342 M.
1031 2277 1189 2344 Cicero-

131 2383 248 2431 2uem
275 2388 473 2450 reponere.
520 2364 659 2451 Quare,
686 2365 912 2453 1111010010,
940 2369 980 2430 te
1003 2387 1115 2452 rogo,
1143 2373 1189 2432 ut

166 2455 241 2519 tibi
275 2455 400 2519 omnia
431 2454 587 2537 integra
620 2475 762 2539 serves,
793 2455 875 2518 eius
905 2454 1015 2518 fidem
1044 2455 1187 2538 impro-

165 2543 245 2628 bes,
272 2543 337 2626 qui
366 2542 455 2628 tibi,
481 2545 523 2604 ut
546 2541 782 2605 beneficium
806 2543 928 2625 daret,
950 2543 1060 2625 prius
1084 2544 1227 2611 111111-11

164 2633 260 2695 riam
291 2631 403 2713 fecit,
440 2633 574 2693 contra
604 2652 649 2694 ne
680 2631 899 2715 profugias,
934 2631 998 2713 qui
1022 2634 1071 2714 10,
1106 2635 1186 2696 etsi

163 2741 239 2783 non
267 2717 423 2799 amabit,
452 2717 555 2799 quod
583 2718 754 2782 accidere
781 2740 856 2782 11011
878 2722 1028 2804 potest,
1057 2724 1186 2784 tamen

165 2808 310 2871 salvum
338 2804 692 2890 amplissimumque
720 2828 801 2870 esse
829 2806 968 2890 cupiet.
1211 2885 1213 2890 Α

230 2892 367 2957 Dedita
391 2914 505 2975 opera
530 2893 576 2956 ad
599 2898 636 2957 te
660 2893 923 2980 Calpurnium,
951 2895 1185 2960 familiaris-

165 2984 301 3046 simum
341 3001 477 3064 meum,
518 2982 621 3065 misi,
662 2987 703 3046 ut
744 2983 839 3046 mihi
875 3003 1032 3067 magnae
1070 3006 1224 3051 curaeio

163 3075 269 3133 tuam
297 3068 418 3131 vitam
445 3091 486 3133 ac
516 3069 749 3153 dignitatem
781 3093 863 3134 esse
893 3071 1032 3134 scires'

229 3157 353 3219 Eodem
387 3157 437 3218 die
470 3179 488 3219 a
519 3155 654 3221 Caesare
683 3157 879 3224 Philotimus
911 3160 1037 3223 litteras
1071 3161 1185 3226 attulit

160 3245 223 3309 hoc
247 3244 408 3327 exemplo:
