2564 3880
187 133 252 203 388
510 133 549 188 Μ.
568 133 676 188 TULLI
695 133 885 190 CICERONIS

185 277 271 342 lano.
309 275 452 342 Contudi
476 277 561 342 enim
584 277 728 342 animum
751 280 784 342 et
807 277 946 342 fortasse
968 277 1042 362 vici,
1065 275 1205 341 simodo

186 387 403 450 permansero.
450 363 537 430 Scies
564 365 667 450 igitur
695 366 834 431 fortasse
858 388 937 452 cras,
968 387 1133 430 summum
1154 386 1204 448 pe

186 455 305 520 rendie.

254 541 318 608 Sed
349 542 428 626 quid
461 546 524 627 est,
560 542 702 626 quaeso?
742 541 939 606 Philotimus
970 563 1030 606 neo
1060 538 1202 605 Carteiae

185 629 376 713 Pompeium
408 631 512 694 teneri
544 627 623 716 (qua
650 630 689 694 de
715 652 752 694 re
778 630 962 694 litterarum
989 630 1029 694 ad
1057 627 1200 692 Clodium
1222 653 1232 692 s

185 717 384 804 Patauinum
397 718 570 782 missarum
589 717 770 801 exemplum
788 718 870 782 mihi
888 717 1012 801 Oppius
1033 721 1065 780 et
1082 716 1200 780 Balbus

186 807 352 891 miserant,
376 827 410 870 se
427 805 463 869 id
484 806 607 870 factum
630 803 796 892 arbitrari)
820 805 1006 890 bellumque
1028 808 1140 869 namet
1157 825 1199 866 re-

185 894 312 978 liquum
333 894 412 958 satis
431 915 592 978 magnum.
631 892 720 958 Solet
740 895 870 958 omnino
890 915 959 958 esse
977 893 1198 958 Fulviniaster.

187 981 250 1047 Sed
277 986 402 1067 tamen,
429 983 458 1045 si
486 982 564 1065 quid
585 982 694 1047 babes.
740 980 826 1046 Volo
850 982 949 1047 etiam
972 982 1010 1047 de
1033 979 1197 1064 naufragio

187 1067 367 1136 Caniniano
391 1070 473 1133 scire
497 1069 575 1153 quid
598 1070 649 1134 sit.
1208 1093 1228 1132 ιο

28 1175 133 1225 afflav
142 1176 163 1226 1)
250 1158 324 1242 Ego
359 1157 414 1222 hic
447 1157 509 1222 duo
542 1178 660 1242 magna
692 1158 905 1242 συντάγματα
937 1157 1077 1242 absolvi3
1113 1155 1195 1220 nullo

185 1246 272 1310 enim
294 1246 358 1310 alio
380 1246 477 1310 modo
502 1269 521 1310 a
542 1247 673 1310 miseria
696 1247 789 1329 quasi
808 1246 955 1310 aberrare
974 1267 1117 1329 possum.
1151 1243 1194 1307 'ru

184 1333 280 1420 mibi,
312 1334 440 1398 etiamsi
466 1333 550 1398 nihil
577 1334 651 1418 erit,
680 1335 766 1419 quod
790 1334 926 1418 scribas,
954 1335 1041 1416 quod
1064 1334 1133 1398 fore
1153 1333 1195 1394 ita

184 1422 287 1508 video,
310 1426 420 1486 tamcn
442 1421 476 1486 id
493 1423 601 1505 ipsum
620 1423 741 1486 scribas
760 1422 867 1506 velim,
889 1426 923 1486 tc
940 1421 1024 1486 nihil
1041 1421 1195 1503 habuisse,

185 1511 272 1596 quod
296 1511 462 1597 scriberes,
484 1509 561 1574 dum
582 1511 680 1575 modo
703 1533 743 1576 ne
765 1510 818 1574 his
841 1509 956 1574 verbis.
1204 1529 1222 1570 a

644 1667 742 1732 XLV.

333 1789 390 1847 Sor.
405 1791 438 1844 ia
458 1791 615 1845 Tusculano
635 1789 716 1844 XVI
730 1789 767 1844 K.
782 1790 847 1844 Iun.
867 1807 893 1844 a.
909 1793 965 1846 ⁷09
985 1792 1054 1859 (45).

490 1912 637 1968 CICERO
654 1912 801 1967 ATTICO
819 1912 902 1968 SAL.

100 2039 167 2090 10)
250 2021 300 2087 Dc
331 2021 442 2086 Attica
473 2022 604 2104 optime.
647 2017 784 2103 Ἀκηδία
815 2025 873 2084 tua
903 2043 955 2086 me
985 2024 1108 2106 movet,
1139 2015 1192 2084 etsi

185 2111 299 2175 scribis
326 2109 411 2174 nihil
440 2131 517 2173 esse.
563 2107 603 2172 ln
629 2107 811 2173 Tusculano
842 2131 880 2174 eo
908 2109 1109 2174 commodius
1137 2127 1219 2190 erqa

185 2199 272 2283 quod
301 2201 334 2263 et
361 2196 505 2261 crebrius
533 2200 607 2260 tuas
637 2197 764 2261 litteras
792 2197 946 2280 accipiam
974 2201 1007 2262 et
1034 2201 1068 2261 te
1094 2197 1191 2281 ipsum

183 2309 251 2351 non
267 2281 446 2368 numquam
463 2284 593 2368 videb03
615 2307 692 2348 nam
711 2286 875 2369 ceteroqui
892 2285 1092 2370 accusansque
1110 2286 1191 2348 erant

184 2375 334 2438 Asturae.
379 2371 448 2437 Nec
470 2372 557 2458 hacc,
581 2395 662 2456 quae
685 2373 848 2459 refricant,
869 2373 923 2438 hic
945 2395 996 2438 me
1019 2373 1124 2458 magis
1146 2393 1191 2435 an·
1253 2437 1254 2464 ,

185 2465 281 2546 gunt3
313 2461 376 2524 etsi
403 2465 526 2546 tamen,
552 2460 747 2544 ubicumque
771 2483 857 2547 sum,
886 2461 943 2526 illa
966 2464 1043 2526 sunt
1066 2481 1190 2526 mecum.
1253 2501 1254 2520 2

99 2567 166 2620 10)
183 2549 233 2613 De
260 2547 395 2612 Caesare
422 2549 528 2613 vicino
558 2549 751 2633 scripseram
779 2549 819 2613 ad
847 2553 894 2633 te,
926 2550 1003 2633 quia
1026 2566 1217 2635 cognoramus
1253 2569 1254 2608 τ

184 2659 223 2701 ex
255 2637 322 2700 tuis
353 2636 481 2701 litteris.
532 2636 619 2700 Ilum
649 2638 798 2702 σύνναον
827 2636 953 2712 Quirini
983 2638 1070 2703 malo
1104 2657 1191 2722 quam

185 2723 315 2790 Salutis.
361 2723 411 2788 Tu
438 2747 514 2790 vero
545 2725 699 2810 pervulga
722 2724 876 2790 Hirtium.
917 2723 961 2794 Id
983 2726 1071 2789 enim
1093 2726 1191 2808 ipsum
1253 2799 1254 2804 γ

184 2816 343 2898 putaram,
365 2813 453 2896 quod
477 2813 601 2900 scribis,
623 2817 670 2899 ut,
693 2836 765 2879 cum
787 2815 955 2899 ingenium
979 2814 1074 2878 amici
1095 2811 1191 2878 nostri
1252 2835 1254 2860 ⁴

183 2900 389 2986 probaretur,
419 2901 582 2978 ὑπόθεσις
608 2902 813 2985 vituperandi
843 2901 977 2967 Catonis
1004 2901 1190 2966 irrideretur.
1253 2955 1254 2958 ,

635 3059 748 3125 XLVI.
777 3123 783 3132 ,
1201 3079 1220 3120 a

421 3160 479 3218 Sor.
494 3163 615 3218 Astraea
632 3163 676 3217 Ia.
693 3164 765 3219 Mai.
782 3181 808 3218 a.
824 3168 888 3219 709
899 3166 970 3232 (45);

490 3267 636 3323 CICERO
653 3268 800 3325 ATTICO
818 3269 900 3324 SAL.

149 3374 163 3422 1
251 3358 403 3445 Vincam,
436 3357 565 3442 opinor,
597 3357 739 3422 animum
772 3363 804 3422 et
830 3358 976 3424 Lanuvio
1003 3379 1136 3444 pergam
1161 3357 1190 3421 in

184 3444 410 3510 Tusculanum.
448 3445 516 3509 Aut
539 3446 625 3509 enim
647 3446 728 3510 mibi
751 3446 786 3510 in
808 3450 1001 3531 perpetuum
1023 3447 1127 3512 fundo
1141 3446 1189 3510 illo
