2484 3886
159 170 205 225 CII
484 175 694 229 ADNOTATIO
714 175 855 229 caturca

157 311 275 380 Tyrrell,
293 319 361 368 certe
378 313 416 380 M,
435 313 576 382 Weseub,
594 315 673 368 Boot.
701 316 746 368 Ad
763 334 790 384 p.
802 321 861 368 267.
874 322 914 370 19.
934 347 970 356 -
990 322 1023 370 13
1043 323 1068 371 te
1083 316 1172 370 Grae-

157 382 231 450 vius,
254 383 364 454 Baiter,
386 384 508 452 Tyrrell,
532 403 584 438 om.
600 387 689 452 codd,
707 385 847 453 Wesenb,
866 386 945 439 Boot.
979 387 1025 440 Ad
1042 393 1111 456 p.8.
1128 394 1171 441 19.

157 483 191 493 —
216 460 249 506 26
268 461 389 509 constare
408 456 471 509 add.
489 460 603 509 auctore
617 456 786 524 Lehmanno,
806 457 855 524 qui
874 457 999 520 Quaestt.
1016 476 1043 526 p.
1060 464 1076 510 8
1096 459 1171 513 coni.

157 526 299 578 consistere
318 525 351 578 cf.
366 544 392 594 p.
408 531 526 592 235.12,
551 543 634 592 quem
652 529 764 579 secutus
784 531 827 580 est
845 527 955 595 Tyrrell
974 543 1017 596 ep.
1033 533 1095 594 436,
1116 545 1173 582 esse

156 597 222 662 post
253 596 340 649 oerbis
371 596 548 649 intercidisse
580 597 739 664 suspicatur
770 597 853 664 Boot,
885 600 951 666 post
977 600 1088 652 nnllam
1118 616 1172 652 sor.

157 663 287 718 Wesenb.
311 697 346 705 -
369 672 403 718 32
422 683 537 734 nsquam
555 666 672 734 Madvig
689 667 758 719 Adv.
775 667 801 719 Π
818 686 845 736 p.
861 674 912 721 238
924 685 973 734 sq,
997 670 1076 735 quod
1093 672 1172 737 qnis-

157 752 239 802 qnam
266 752 321 789 non
350 737 470 788 addatur
492 736 548 788 uisi
570 736 713 789 vocabulis
736 737 863 791 homines
887 738 1118 806 significantibus
1145 743 1174 792 et

158 805 395 874 appellationibus
422 806 546 874 plurium
572 806 717 859 hominum
744 811 778 876 (v.
794 809 831 860 ad
852 827 880 876 p.
897 814 955 864 138.
971 813 1027 878 23).
1062 809 1173 873 Quidni

158 877 271 928 oonsilio
298 877 385 930 Attici
412 879 570 945 opponatur
592 879 739 931 consolatio
763 881 940 948 oniasqnam?
972 882 981 948 ΙΙ
1014 880 1049 934 Ρ.
1064 880 1172 934 asna

157 947 190 997 ut
203 963 253 998 nos
269 946 340 1013 edd,
359 946 410 998 sed
423 948 558 1000 advertas
570 946 679 1013 Bosius,
693 947 798 1016 Baiter,
818 951 983 1002 adservari
998 949 1033 1003 de
1048 949 1171 1004 Wesen-

157 1014 237 1084 bergi
261 1015 331 1069 coni.
351 1016 472 1084 Tyrrell,
498 1017 568 1070 coni.
582 1017 655 1070 Boot
680 1018 793 1085 ‘partim
816 1020 886 1072 duce
908 1019 1004 1072 Bosio’
1030 1020 1065 1088 (is
1091 1023 1173 1089 apud

158 1085 288 1139 sinceros
311 1087 375 1140 iilos
399 1088 494 1152 oeiim;
520 1094 552 1141 nt
565 1089 673 1155 possint
690 1090 832 1157 adversas)
855 1091 931 1157 apad
950 1088 1084 1144 einiardi
1102 1111 1172 1146 reru

157 1157 238 1208 velim
255 1161 287 1208 nt
299 1157 388 1224 possit
400 1159 549 1225 adservari,
568 1157 677 1226 Kayser
690 1160 767 1226 apnoi
781 1159 911 1212 sinecion
925 1161 1012 1228 iilam,
1031 1160 1170 1215 Wesenb.

157 1227 233 1292 apnd
261 1225 390 1280 sinecion
417 1228 539 1294 tabnias,
566 1235 598 1282 nt
616 1231 735 1296 possint,
763 1230 921 1283 adseroatas
942 1230 986 1283 vel
1010 1232 1171 1299 adservari,

156 1295 226 1348 Ellis
255 1313 365 1363 quoque
393 1295 610 1352 δυσπιστότατον
637 1299 709 1351 illud
736 1299 866 1354 sinecion
894 1300 1040 1368 amplexus
1064 1301 1171 1356 Philol.

158 1370 225 1417 1895
243 1384 270 1434 p.
288 1372 338 1419 748
362 1369 438 1435 apud
457 1367 587 1422 sinecion
606 1370 709 1422 litteras
726 1371 813 1436 aelim,
831 1377 863 1424 nt
876 1373 993 1437 possint,
1012 1371 1171 1439 adseruari,

157 1434 187 1488 0.
199 1435 229 1488 Il.
241 1435 367 1490 Schmidt
390 1437 480 1491 ‘Neue
498 1438 593 1492 Jahrb.
604 1439 622 1492 f.
634 1441 659 1492 d.
670 1439 755 1492 klass.
767 1439 899 1493 Alterth'
920 1443 972 1494 etc.
989 1446 1059 1494 1898
1073 1461 1101 1510 p.
1117 1449 1171 1496 183

155 1507 232 1574 apnd
249 1509 376 1575 aliquem,
394 1510 473 1562 onias
489 1511 604 1575 fontana
621 1517 699 1564 entra
713 1511 867 1577 periculam
884 1512 928 1577 sit,
942 1512 1021 1564 aelim
1035 1519 1068 1566 nt
1079 1515 1172 1580 possit

156 1577 306 1630 adseruari.
317 1609 352 1618 —
367 1584 382 1630 7
397 1581 571 1632 miserrimae
580 1579 665 1646 Wes,
677 1580 757 1646 Boot,
772 1579 858 1648 Tyra,
873 1582 1000 1634 miseram
1016 1599 1048 1635 ea
1058 1583 1096 1636 M.
1123 1584 1172 1636 Ad

155 1665 182 1715 p.
189 1653 248 1700 232.
256 1654 296 1701 13.
303 1680 338 1687 -
347 1648 552 1715 Ibinfeiicitate
560 1649 647 1703 Orelli
655 1649 819 1718 probBoot,
828 1652 995 1717 fecrmoiitate
1004 1651 1038 1705 H.
1045 1652 1079 1705 A.
1086 1653 1171 1706 Koch

154 1735 247 1786 progr.
267 1718 373 1771 Putbus
390 1725 457 1772 1855
481 1738 508 1787 p.
519 1726 564 1785 19,
590 1723 724 1774 oaeaitate
742 1721 836 1786 Klotz,
859 1722 989 1786 fataitate
1013 1721 1057 1774 ed.
1073 1723 1167 1790 Rom,

156 1787 303 1854 Graevius,
331 1789 451 1856 Tyrrell,
478 1791 609 1855 facnitate
635 1792 764 1856 confecta
792 1789 823 1843 Ο.
833 1790 864 1843 Ε,
876 1791 1003 1844 Schmidt
1025 1792 1169 1848 Fleckeis.

156 1859 328 1911 annal.1897
348 1877 375 1927 p.
386 1866 445 1913 598.
461 1891 494 1898 —
513 1860 552 1912 Ib
564 1861 691 1926 afflictor
705 1860 775 1914 coni.
785 1861 915 1914 Wesenb.
927 1864 956 1914 et
970 1861 1170 1930 Wyttenbach

156 1930 231 1996 apud
248 1929 386 1982 Bootium.
406 1960 440 1968 —
466 1935 498 1981 13
522 1931 613 1996 rebas,
640 1931 666 1982 si
683 1931 759 1997 edd,
788 1931 869 1998 quasi
886 1938 925 1984 nt
943 1931 982 1984 sit
1001 1933 1169 1988 coniunctio

155 2001 184 2051 33
201 1999 343 2067 pertineat
361 1999 398 2050 ad
416 2000 462 2052 des
480 2016 596 2066 operam,
614 2015 785 2066 quamquam
802 2001 874 2054 Boot
891 2002 952 2070 ipse
967 2003 1004 2054 ad
1019 2019 1063 2071 ep.
1076 2010 1109 2056 22
1123 2021 1168 2059 ex.

154 2075 185 2121 nt
212 2071 243 2120 e'n
265 2069 383 2137 perditis
408 2070 487 2122 rebns
510 2072 654 2138 comparat
676 2087 739 2122 cum
761 2089 787 2139 p.
803 2077 862 2124 347.
874 2077 907 2123 33
931 2073 961 2124 et
983 2078 1100 2126 345.16.
1132 2107 1169 2114 —

156 2144 188 2190 18
212 2139 317 2206 ioqaere
340 2145 488 2206 oppon-inne
506 2141 733 2208 (3311313210)
752 2141 878 2206 Ascens,
902 2140 1049 2210 Wesenb,
1075 2145 1169 2212 qune-

153 2215 245 2262 retnr
267 2215 406 2276 oportnna
428 2209 458 2260 M
481 2209 531 2276 (sic
554 2212 675 2263 testatur
696 2210 806 2278 Baiter,
830 2210 860 2265 0.
872 2211 902 2263 Ε.
919 2211 1048 2266 Schmidt
1073 2213 1168 2268 ‘Neue

153 2277 249 2330 Jahrb.
269 2278 287 2331 f.
303 2279 329 2331 d.
348 2277 432 2331 klass.
447 2279 578 2333 Alterth.’
600 2285 667 2332 1898
689 2299 715 2348 p.
728 2287 791 2334 183:
811 2282 915 2350 loquere
937 2289 969 2336 tn
991 2290 1168 2354 apportante),

154 2350 259 2416 loquere
281 2355 311 2402 ta
334 2356 482 2416 opportnne
506 2348 605 2415 Orelli,
629 2350 738 2416 Baiter,
761 2351 845 2417 Boot,
870 2353 987 2419 loquitor
1009 2363 1168 2422 opportune

154 2418 263 2486 Tyrrell
283 2420 398 2486 loqnitor
415 2426 451 2473 nt
470 2424 498 2473 et
515 2438 542 2488 p.
557 2419 582 2472 X
602 2422 630 2472 et
647 2439 673 2489 p.
685 2426 737 2473 474
756 2421 948 2490 aMalaspina
962 2438 992 2475 se
1006 2425 1167 2493 sumpsisse

154 2489 303 2541 affirmans.
346 2489 438 2557 Magis
474 2489 569 2558 placet
604 2497 744 2558 tempore
780 2499 913 2558 oportnno
949 2509 1049 2560 quam,
1088 2497 1167 2562 quod

153 2557 226 2611 OB.
242 2558 368 2611 Schmidt
393 2560 538 2628 proponit,
567 2563 673 2613 atinam
702 2568 857 2628 opportnne.
905 2565 914 2630 I
959 2563 995 2616 P.
1010 2563 1115 2619 3525
1140 2585 1165 2620 ν.

153 2628 270 2681 Schiche
292 2645 384 2697 progr.
398 2629 518 2682 Berolin.
536 2635 603 2682 1883
626 2648 652 2698 p.
670 2637 703 2683 10
726 2633 755 2683 33
777 2631 869 2685 Herm.
884 2631 974 2684 XVIII
989 2639 1056 2702 613,
1087 2636 1169 2690 VIII

153 2699 219 2752 Kal.
244 2700 310 2752 Deo.
336 2698 367 2752 O.
383 2699 413 2753 a.
435 2699 562 2752 Schmidt
594 2699 660 2753 ‘Der
686 2701 894 2754 Briefwechsel’
927 2720 954 2770 p.
975 2709 1040 2772 260,
1074 2723 1167 2761 mense

151 2771 273 2822 intercal.
289 2771 436 2836 posteriore
456 2774 510 2835 (24.
526 2771 609 2836 Non.)
634 2789 660 2838 p.
675 2776 736 2835 466,
760 2772 839 2824 VIII
853 2772 919 2824 Kal.
934 2774 1037 2828 Ionias
1054 2775 1165 2844 Baiter,

156 2839 235 2891 VIII
250 2840 315 2892 Kai.
335 2839 443 2906 (Iani)
463 2839 607 2905 Wesenb,
629 2842 678 2893 IX
695 2842 760 2894 Kal.
775 2842 841 2895 Dee.
856 2841 966 2909 Tyrrell
985 2859 1029 2912 ep.
1046 2851 1110 2900 505.
1130 2879 1165 2886 -

150 2914 184 2960 22
210 2907 371 2976 γεροντικόν
390 2910 453 2962 add.
468 2909 608 2975 Lambin,
633 2911 694 2963 cdd.
709 2914 821 2979 praeter
839 2910 1090 2982 Wesenbergium,
1115 2919 1165 2984 qui

151 2996 202 3031 sor.
217 2979 257 3007 ³¹³*
277 2980 354 3033 add:
385 2980 508 3032 ‘Excidit
530 2981 690 3047 γεροντικὸν
713 2997 766 3034 esse
791 2981 875 3049 (Sch.)
902 2986 952 3034 aut
974 3003 1031 3052 γερ.
1048 2986 1163 3042 solum.'

150 3080 184 3088 -
210 3055 243 3102 25
272 3050 374 3103 VKai.
390 3053 422 3103 ut
440 3068 463 3103 ν.
480 3056 513 3102 10
532 3051 625 3116 codd,
650 3051 733 3117 Boot,
755 3053 829 3118 prid.
845 3052 911 3105 Kal.
927 3051 1029 3120 Orelli,
1054 3055 1164 3125 Baiter,

151 3118 222 3173 OB.
238 3119 365 3172 Schmidt
391 3121 420 3172 in
448 3121 491 3173 ed.
505 3120 567 3172 libr.
585 3119 635 3172 XII
663 3124 692 3173 et
714 3121 778 3172 XIII
800 3121 828 3173 in
856 3121 923 3174 ‘Der
945 3123 1162 3182 Briefwechsel'

149 3208 176 3258 p.
187 3195 247 3256 463,
266 3192 305 3242 II
315 3191 380 3243 Kal.
391 3191 507 3256 Manut,
527 3190 666 3256 Wesenb,
681 3190 796 3258 Tyrrell.
826 3191 943 3244 Schiche
961 3211 1058 3263 progr.
1069 3197 1163 3252 Berol.

150 3266 218 3312 1883
237 3279 263 3328 p.
281 3268 325 3313 11:
352 3260 426 3314 ‘Wie
440 3277 506 3314 man
521 3261 636 3314 diesem'
654 3261 784 3329 (Manuti)
801 3261 985 3330 ‘Vorschlage
1001 3280 1054 3318 aus
1071 3269 1165 3323 einem

150 3347 179 3383 so
199 3331 385 3384 tusserlichen
400 3331 520 3397 Grande,
539 3331 592 3384 wie
612 3331 657 3383 die
671 3331 855 3400 Reihenfolge
874 3333 923 3384 der
942 3333 1051 3388 Zahlen
1067 3355 1098 3392 es
1113 3341 1163 3393 ist’

147 3403 203 3469 I‘ut
217 3403 284 3454 ordo
299 3402 497 3469 continuetur’,
516 3402 609 3469 inquit
622 3401 679 3467 ille,
700 3401 756 3454 ‘IV.
767 3401 812 3454 III.
822 3403 891 3471 II')‘,
910 3403 984 3456 noch
998 3405 1104 3462 immer
1118 3429 1164 3464 zu-

149 3472 279 3526 stimmen
297 3473 374 3526 kann
396 3475 468 3527 trotz
492 3473 540 3526 des
559 3471 774 3540 Widerspruchs
797 3489 851 3524 von
869 3473 982 3528 Ernesti
1007 3478 1070 3530 und
1090 3483 1165 3535 trotz
