2560 3880
259 157 516 212 EPISTULARUM
534 157 584 210 AD
603 155 765 212 ATTICUM
783 155 847 209 XVI
866 161 890 223 1,
910 161 934 209 2.
1036 153 1103 218 495

157 299 208 364 De
231 299 373 364 Publilio
397 304 514 384 autem,
537 299 622 382 quod
644 298 799 383 perscribi
819 300 956 382 oportet,
978 317 1101 360 moram

87 410 156 454 000
180 392 260 470 0000
285 409 354 452 esse
370 387 560 458 faciendam.
607 384 682 471 Sed,
710 408 783 450 cum
805 384 921 468 videas,
944 387 1100 466 quantum

89 477 162 542 de
152 497 222 540 rure
244 481 319 540 0000
320 497 357 540 ro
305 475 617 560 tdecesserimus,
640 475 696 557 qui
720 474 758 538 de
780 473 1026 537 residuis—
939 487 1024 535 0000
1043 469 1099 534 Hs

91 581 135 626 00
165 564 347 664 praesentia
375 563 578 646 solverimus,
604 562 743 713 reliqua·
757 561 983 643 rescribamus,
1011 558 1100 641 loqui

62 673 166 716 ecum
199 673 250 738 eo,
282 652 310 716 si
341 651 404 714 tibi
433 650 555 714 videbit
541 654 608 734 tur,
640 654 697 732 pot
698 650 761 714 eris
793 671 867 714 eum
898 610 1100 712 cominodum

88 743 241 804 nostrum
264 742 447 840 exspectare
470 739 593 821 debere,
615 758 688 801 curn
710 742 802 801 tanta
825 737 868 801 sit
891 734 1100 800 anobis1ao·

89 831 167 890 tura
187 827 383 892 fact'aruris.
429 823 505 910 Sed,
531 825 714 909 amabote,
735 826 784 890 mi
806 823 923 926 Attice,
947 821 1133 973 (videmiae

91 937 190 997 quam
212 912 365 1000 blande?)
393 914 500 978 omnia
522 918 647 998 nostra,
677 876 782 996 qdoad
804 913 868 977 eris
890 911 1099 993 Romae,'a
1053 914 1099 974 rte

90 1002 197 1086 gerite
204 1053 213 1086 ,
243 1003 363 1086 rogito,
394 1002 586 1085 gubernato,
619 1005 655 1064 00
687 1001 770 1064 nihil
802 1023 821 1064 0
848 1023 898 1064 me
927 1002 1098 1081 exspectes.

47 1115 76 1154 ro
90 1089 293 1173 Quamquam
312 1089 397 1154 enim
414 1089 538 1172 reliqua
557 1089 636 1153 satis
655 1093 731 1172 apta
749 1092 825 1152 sunt
844 1089 885 1152 ed
902 1087 1100 1170 solvendum,

89 1182 201 1242 tamen
226 1178 265 1241 fit
292 1199 399 1262 saepe,
426 1182 463 1241 00
489 1177 526 1260 11,
557 1177 612 1260 qui
640 1177 770 1260 debent,
797 1197 864 1240 non
884 1174 1099 1258 respondeant

90 1267 133 1330 00
155 1270 291 1349 tempus
333 1263 369 1330 si
392 1265 470 1348 quid
492 1265 560 1329 eius
582 1263 670 1329 modi
693 1264 913 1350 occideritne
936 1263 1014 1346 quid
1036 1262 1098 1325 tibi

91 1353 136 1417 sit
156 1354 242 1417 fama
259 1375 330 1418 mea
326 1375 389 1454 ‘po
391 1354 464 1416 tius.
502 1351 578 1416 Non
595 1352 690 1416 modo
709 1374 850 1436 versura,
863 1372 982 1420 verum
1001 1350 1099 1414 etiam

89 1440 284 1526 venditione,
308 1441 335 1505 si
357 1441 404 1505 ita
426 1462 478 1504 res
501 1444 603 1525 coget
625 1461 685 1505 nos
708 1404 894 1504 vindicabis.

46 1553 74 1594 15
159 1528 261 1593 Bruto
226 1528 448 1593 0000001100
434 1532 521 1596 00000
544 1533 616 1612 grat
618 1549 654 1591 00
676 1531 776 1592 erant.
753 1525 881 1590 tFui
905 1526 991 1590 enim
1014 1525 1133 1607 apuds

89 1616 185 1680 illum
213 1617 295 1681 mult
281 1620 331 1680 tas
358 1616 492 1681 horas
482 1639 517 1679 m
542 1615 675 1700 Neside,
701 1637 774 1679 cum
800 1615 896 1698 paulo
925 1617 1040 1678 antet
1042 1634 1099 1676 uas

88 1704 218 1768 litteras
242 1704 441 1787 accepissem.
477 1702 588 1768 Delect
574 1705 637 1767 0001
658 1668 739 1766 ririhi
757 1703 857 1766 Tereo
876 1701 1004 1765 videbat
990 1705 1044 1764 tur
1066 1703 1099 1763 00

89 1792 210 1856 habere
236 1792 390 1855 maiorem
412 1791 510 1856 Accio
540 1813 636 1874 quam
658 1789 726 1854 Ant
712 1791 802 1854 tenio
827 1789 971 1874 gratiam.
1017 1787 1099 1850 Mihi

90 1884 201 1944 autem
222 1901 281 1961 quo
298 1879 434 1944 1000οι000
453 1883 538 1964 0000,
560 1901 596 1943 eo
617 1879 740 1961 plust
710 1878 867 1942 stomachi
884 1881 916 1940 et
934 1876 1099 1941 molestiae

47 1993 75 2032 00
90 1972 141 2032 est
164 1967 319 2050 populum
341 1965 523 2031 Romanum
543 1988 657 2030 manus
677 1988 751 2030 suas
769 1987 836 2030 non
853 1966 887 2029 10
906 1962 1100 2028 0010000000

89 2077 125 2120 00
148 2056 286 2155 publica,
309 2055 395 2118 sed
386 2077 421 2118 m
443 2055 621 2137 plaudendo
641 2075 833 2118 consumere.
870 2052 953 2117 Mihi
971 2052 1100 2135 quidem

90 2143 307 2207 videntur't
262 2147 307 2206 ist
308 2165 400 2207 orum
423 2143 521 2207 animr
513 2142 716 2206 incendit
684 2146 716 2205 et
717 2142 781 2206 iam
801 2141 840 2208 ad
858 2143 1099 2224 repraesenten-

89 2231 165 2295 dam
186 2231 429 2315 improbitatem
451 2252 549 2296 suam.
597 2229 660 2294 Sed
681 2234 799 2315 tamen,

90 2354 194 2417 ‘dum
216 2353 326 2418 modo
346 2353 501 2418 doleant
525 2353 687 2438 aliquid,
711 2353 865 2416 doleant
884 2347 1097 2434 quidlibet'.

47 2519 74 2559 aa
159 2490 339 2557 Consilium
365 2515 472 2558 meum
500 2493 587 2576 quod
614 2493 661 2557 ais
690 2492 806 2557 cotidie
833 2492 937 2575 magis
965 2489 1135 2574 laudari,4

88 2602 157 2645 non
183 2581 318 2646 moleste
345 2582 429 2667 fero,
457 2581 756 2664 exspectabamque,
784 2580 812 2643 si
835 2579 913 2662 quid
936 2579 975 2642 de
998 2600 1035 2642 eo
1059 2578 1100 2642 00

88 2691 142 2732 me
161 2669 323 2735 scriberes.
360 2670 433 2754 ligo
453 2670 589 2733 enimin
607 2669 713 2732 varios
732 2689 893 2732 sermones
912 2667 1099 2731 incidebam.

89 2755 177 2831 Quin
199 2757 296 2821 etiam
313 2758 429 2822 ideirco
448 2758 624 2840 trahebam,
648 2760 685 2821 00
706 2778 802 2839 quam
821 2755 1001 2820 diutissime
1021 2755 1100 2818 1000-

89 2865 185 2928 grum
207 2849 301 2910 esset.
347 2844 419 2930 Sed,
441 2846 594 2929 quoniam
616 2844 742 2908 furcilla
765 2843 973 2926 extrudimur,
996 2842 1101 2906 Brun-

47 2959 75 2999 ao
90 2932 210 2996 disium
237 2935 353 3018 cogito.
399 2932 538 2998 Facilior
561 2934 646 2996 enim
670 2935 702 2996 et
725 2932 922 3016 exploratior
945 2930 1099 2994 devitatio

88 3020 254 3172 belgim
280 3022 351 3086 fore
377 3022 503 3086 videtur
527 3043 623 3104 quam
645 3021 835 3105 piratarum,
868 3019 925 3102 qui
948 3038 1101 3100 apparere

115 3109 249 3173 ’000000

158 3194 283 3260 Sestius
315 3214 352 3260 vl
380 3194 455 3259 Idus
487 3195 745 3279 exspectabatur,
778 3194 833 3258 sed
863 3215 930 3258 non
960 3196 1102 3275 venerat,

90 3283 177 3366 quod
197 3285 304 3348 sciam.
341 3282 472 3347 Cassius
491 3305 563 3348 cum
582 3283 749 3347 0100010010
768 3305 826 3346 000
844 3283 982 3345 venerat.
1019 3279 1102 3364 Ego,

47 3397 74 3438 aa
89 3393 163 3435 cum
191 3393 264 3436 eum
291 3371 456 3452 vidissem,
482 3390 506 3435 v
528 3370 628 3436 1010
649 3370 881 3452 Pompeianum
910 3368 1124 3454 cogitabam,

89 3459 165 3524 inde
188 3458 396 3524 Aeculanum.
418 3457 535 3526 ,Nosti
562 3458 695 3541 reliqua.
745 3455 794 3522 De
817 3457 913 3521 Tutia
941 3457 988 3521 ita
1010 3461 1137 3540 puta-5
