2564 3880
177 151 244 214 432
499 148 536 204 Μ.
556 147 664 202 TULLI
682 145 873 202 cressonis

143 311 159 358 2
245 291 417 356 Vestorius
453 291 493 356 ad
524 314 575 355 me
609 291 753 374 scripsit,
789 293 827 354 ut
859 289 1004 354 iuberem
1036 286 1202 371 mancipio

179 380 248 444 dari
272 401 363 444 servo
388 400 446 444 suo
465 402 525 463 pro
543 401 615 444 mea
633 383 726 462 parte
744 377 897 443 Hetereio
917 377 1043 442 cuidam
1061 377 1204 444 fundum

179 467 407 553 Brinnianum,
433 472 472 532 ut
498 468 567 552 ipse
594 467 625 531 ei
646 466 792 532 Puteolis
822 469 908 530 recte
935 465 1096 550 mancipio
1123 465 1204 528 dare

178 560 297 640 posset.
333 556 421 622 Eum
444 577 581 639 servum,
605 555 634 620 si
656 555 718 618 tibi
741 554 915 639 ridebitur,
937 553 977 618 ad
1002 574 1054 618 me
1073 553 1203 638 mittcs3
1279 627 1280 648 ¹

181 644 297 729 opinor
319 645 405 709 enim
428 644 469 708 ad
491 648 523 707 te
547 643 645 707 etiam
669 643 836 727 scripsisse
858 641 1055 706 Vestorium.
1232 667 1243 706 1
1279 653 1280 678 ³

144 752 160 798 3
242 732 296 796 De
328 733 470 797 adventu
497 729 644 796 Caesaris
672 732 758 795 idem
786 730 873 814 quod
906 752 925 794 a
953 734 986 796 te
1014 729 1096 794 mihi
1124 729 1204 793 scri·
1279 735 1280 796 i

180 823 274 903 ptum
295 823 346 884 est
369 820 409 884 ab
430 818 535 903 Oppio
559 823 592 884 et
614 818 726 885 Balbo.
759 819 862 882 Miror
884 821 918 881 te
940 817 1102 882 nihildum
1126 839 1204 882 cum
1279 817 1280 880 i

180 907 327 992 Tigellio.
360 907 460 972 Velut
478 907 540 972 boc
557 907 674 991 ipsum,
697 911 856 990 quantum
874 906 1042 991 acceperit,
1064 927 1203 988 prorsus

144 1016 162 1063 4
181 1018 258 1060 aveo
283 996 365 1062 scire
386 1017 445 1060 neo
467 999 577 1060 tamen
599 995 692 1060 flocci
714 995 806 1060 facio.
849 992 994 1080 Quaeris,
1017 994 1096 1077 quid
1114 994 1205 1076 cogi·
1279 997 1280 1002 ’

179 1087 247 1148 tem
270 1083 308 1148 de
332 1084 461 1148 obviarn
483 1083 592 1147 itione.
639 1082 724 1160 Quid
746 1104 856 1148 censes
877 1082 943 1146 nisi
965 1081 1116 1146 Alsium?
1157 1080 1203 1145 Et
1218 1107 1243 1146 ro
1279 1083 1280 1164 j

181 1170 309 1254 quidem
333 1171 374 1236 ad
396 1171 565 1236 Murenam
588 1171 626 1234 de
649 1171 793 1254 hospitio
819 1171 1024 1255 scripseram,
1052 1169 1108 1234 sed
1133 1169 1202 1253 opi·

179 1280 241 1323 nor
261 1281 334 1324 cum
352 1259 455 1324 Matio
474 1260 663 1342 proiectum.
706 1257 879 1323 Sallustius
898 1258 1001 1343 igitur
1019 1257 1203 1343 urgebitur.

145 1366 161 1414 s
249 1345 376 1431 Scripto
408 1347 474 1412 iarn
506 1347 671 1432 superiore
703 1347 861 1412 versiculo
894 1347 979 1411 Eros
1007 1346 1089 1412 milri
1117 1345 1204 1410 dixit

180 1435 243 1500 sibi
279 1435 447 1500 Murenam
482 1435 710 1500 liberalissime
745 1434 959 1518 respondisse.
1012 1433 1064 1498 Eo
1098 1434 1204 1519 igitur

179 1527 317 1589 utamur.
359 1523 444 1589 Nam
468 1522 567 1588 Silius
591 1524 724 1588 culcitas
747 1521 939 1588 nonhabet.
977 1521 1063 1588 Dida
1081 1526 1204 1605 autem,
1218 1549 1242 1588 15

180 1613 304 1698 opinor,
326 1612 512 1696 hospitibus
536 1615 641 1676 totam
664 1612 777 1676 villam
800 1611 964 1676 concessit.

662 1820 715 1886 LI.

332 1944 390 2000 Sor.
405 1944 437 1998 in
459 1943 616 1998 Tusculano
638 1942 703 1997 VII
717 1943 755 1996 K.
770 1942 842 2013 Sept.
857 1962 883 1998 a.
900 1947 956 1999 709
976 1947 1045 2012 (45).

484 2064 630 2120 CICERO
648 2065 794 2121 ATTICO
812 2065 896 2122 SAL.

145 2193 159 2240 1
247 2174 299 2240 Ad
322 2173 492 2239 Caesarem
515 2196 612 2257 quam
630 2173 705 2237 misi
723 2172 905 2259 epistulam,
929 2174 998 2238 eius
1016 2173 1204 2258 exemplum
1219 2202 1243 2240 ao
1279 2229 1280 2240 1

180 2263 266 2348 fugit
293 2285 345 2326 me
372 2266 442 2326 tum
466 2263 529 2327 tibi
551 2263 689 2327 mittere.
735 2260 805 2326 Nec
826 2261 860 2325 id
882 2263 960 2348 fuit,
987 2261 1075 2346 quod
1097 2264 1204 2346 suspi-

181 2351 277 2434 caris,
304 2354 342 2414 ut
368 2372 420 2414 me
448 2349 583 2434 puderet
610 2350 675 2435 tui,
701 2370 742 2414 ne
770 2349 904 2414 ridicule
926 2350 1114 2435 †mioillus‚
1141 2373 1204 2416 nec

180 2437 361 2503 mehercule
395 2439 510 2521 scripsi
538 2437 647 2523 aliter,
679 2459 716 2502 ac
747 2438 775 2502 ri
802 2440 886 2524 πρὸς
913 2444 989 2503 ἴσον
1017 2439 1204 2522 bpocdvque

181 2527 362 2592 scriberem.
403 2525 490 2590 Bene
514 2525 599 2589 enim
622 2525 772 2590 existimo
796 2526 835 2590 de
857 2525 924 2590 illis
948 2526 1052 2611 libris,
1075 2530 1114 2590 ut
1136 2528 1204 2591 tibi
1279 2531 1280 2608 j

182 2636 298 2678 coram.
343 2611 459 2696 Itaque
488 2614 603 2696 scripsi
631 2617 663 2678 et
692 2613 919 2692 ἀκολακεύτως
946 2618 979 2678 et
1006 2619 1117 2679 tamen
1146 2616 1204 2702 sio,
1219 2642 1243 2682 25
1279 2639 1280 2642 ¹

181 2706 219 2766 ut
241 2701 325 2765 nihil
348 2723 422 2765 eum
445 2701 627 2766 existimem
649 2701 808 2779 lecturum
831 2703 997 2768 libentius.

146 2806 162 2854 2
248 2789 298 2853 De
320 2787 432 2853 Attica
454 2811 540 2854 nuno
563 2790 691 2853 demum
714 2790 795 2855 mibi
819 2794 868 2854 est
891 2790 1109 2877 exploratum3
1142 2791 1203 2856 ita·
1279 2787 1280 2796 ’

183 2893 245 2962 que
277 2878 306 2941 ei
335 2877 373 2940 de
400 2877 529 2962 integro
558 2878 730 2962 gratulare.
781 2877 956 2962 Tigellium
983 2882 1092 2943 totum
1119 2879 1203 2943 mibi

182 2970 214 3030 et
233 2965 362 3049 quidem
382 2987 478 3048 quam
497 2966 651 3048 primum3
673 2988 749 3030 nam
766 2966 890 3050 pendeo
910 2967 1018 3032 animi.
1048 2964 1202 3032 Narrabo
1279 2995 1280 3010 2

180 3054 257 3138 tibi,
286 3053 426 3130 Quintus
449 3073 533 3137 cras3
566 3054 629 3137 sed,
660 3054 774 3118 adme
797 3077 838 3118 an
862 3055 901 3118 ad
924 3059 965 3134 te,
987 3055 1107 3120 nescio.
1153 3055 1203 3120 Mi
1217 3083 1243 3123 so
1279 3053 1280 3114 ξ

182 3142 312 3226 scripsit
342 3140 481 3204 Romam
512 3157 575 3204 v111
606 3140 678 3205 Kal.
733 3140 795 3206 Sed
826 3143 916 3229 misi,
948 3143 1005 3226 qui
1037 3143 1202 3208 invitaret.

180 3229 255 3380 Edtsi
282 3228 389 3294 hercle
416 3229 481 3292 iam
504 3227 641 3293 Romam
669 3230 862 3296 veniendum
891 3234 953 3315 est,
981 3251 1023 3296 ne
1045 3231 1102 3297 illc
1126 3237 1203 3297 ante
1279 3301 1280 3312 p

181 3318 318 3383 avolet.
