2564 3880
126 207 128 212 ·
248 133 507 188 EPISTULARUM
524 135 574 189 AD
592 135 758 191 ATTICUM
776 136 828 190 ΧΠ
847 142 961 192 38-40,
1050 139 1115 203 383

86 279 189 344 nales.
231 277 281 343 De
304 277 404 342 Drusi
426 279 542 363 hortis,
566 280 714 363 quamvis
740 280 780 344 ab
803 281 845 344 iis
869 281 1054 367 abhorreas,
1077 287 1116 347 ut

88 368 215 451 scribis,
239 371 349 432 tamen
373 388 409 431 eo
434 369 627 452 confugiam,
650 369 715 432 nisi
739 369 817 452 quid
839 370 1010 434 inveneris.
1054 369 1116 435 Ae

87 457 232 520 dificatio
260 478 312 519 me
339 476 407 518 non
436 460 554 520 movet.
600 455 695 520 Nihil
718 457 804 521 enim
828 458 916 522 aliud
939 458 1114 523 aedificabo

86 545 154 609 nisi
177 543 221 629 id,
248 543 465 629 quodetiam,
494 544 522 608 si
546 544 621 608 illos
645 567 713 609 non
735 545 888 610 habuero.
934 550 1050 632 Κῦρος
1074 545 1114 629 d,

57 631 113 699 es'
136 631 219 696 mihi
239 632 286 696 sic
303 631 426 715 placuit
444 636 482 696 ut
501 637 607 697 cetera
624 631 843 720 Antisthenis,
864 633 1008 699 hominis
1028 636 1114 698 acuti

87 721 195 806 magis
220 742 317 804 quam
341 719 467 785 eruditi.

526 896 675 962 XXXIX.

273 1016 331 1072 Ser.
347 1017 469 1072 Asturae
495 1018 576 1072 VIII
588 1019 633 1072 Id.
649 1018 723 1074 Mai.
740 1038 765 1073 a.
782 1025 838 1075 709
858 1023 927 1088 (45).

396 1139 540 1195 CICERO
558 1141 706 1196 ATTICO
724 1142 807 1198 SAL.

43 1277 72 1316 ιο
156 1250 358 1314 Tabellarius
388 1250 428 1313 ad
455 1271 506 1314 me
534 1271 608 1315 cum
637 1251 706 1314 sine
728 1251 848 1314 litteris
871 1252 938 1315 tuis
962 1248 1148 1332 venisset,1

87 1339 272 1404 existimavi
295 1338 357 1402 tibi
381 1359 451 1401 eam
475 1359 605 1402 causam
627 1360 694 1403 non
714 1338 874 1404 scribendi
892 1340 1004 1424 fuisse,
1027 1340 1114 1423 quod

87 1428 193 1512 pridie
216 1427 399 1510 scripsisses
423 1448 461 1491 ea
482 1427 568 1513 ipsa,
597 1426 637 1491 ad
661 1450 758 1510 quam
781 1428 941 1513 rescripsi,
965 1428 1112 1510 epistula.

87 1517 323 1600 Exspectaram
345 1519 455 1579 tamen
478 1514 602 1598 aliquid
624 1516 664 1579 de
686 1516 805 1579 litteris
828 1514 924 1579 Asini
944 1515 1140 1580 Pollionis*

89 1605 153 1670 Sed
179 1604 317 1668 nimium
347 1627 386 1668 ex
413 1624 486 1667 meo
520 1604 584 1668 otio
615 1609 704 1667 tcum
742 1607 860 1687 specto.
910 1602 1112 1686 Quamquam

45 1693 152 1758 1511111
175 1692 319 1777 remitto,
341 1692 406 1755 nisi
429 1691 507 1775 quid
525 1713 656 1756 necesse
680 1692 751 1777 erit,
775 1713 904 1756 necesse
928 1713 969 1755 ne
992 1692 1112 1756 habeas

89 1781 239 1866 scribere,
262 1781 327 1844 nisi
351 1780 414 1844 1111
438 1780 531 1844 valde
555 1781 689 1844 otiosus.
797 1802 799 1808 ¹

155 1869 206 1934 De
229 1868 408 1933 tabellariis
427 1868 574 1953 facerem,
597 1868 684 1951 quod
704 1867 828 1954 suades,
852 1869 879 1932 si
899 1872 1007 1932 essent
1026 1868 1147 1932 1111111

87 1958 287 2023 necessariae
310 1957 448 2040 litterae,
476 1961 514 2020 ut
538 1960 630 2020 erant
654 1957 741 2042 olim,
759 1973 832 2021 cum
855 1961 963 2020 tamen
988 1956 1113 2020 brevio-

87 2048 180 2111 ribus
211 2046 323 2111 diebus
356 2045 474 2110 cotidie
506 2045 743 2128 respondebant
773 2045 913 2128 tempori
940 2044 1113 2132 tabellarii,

51 2139 124 2201 1111
148 2138 218 2199 erat
237 2133 373 2217 aliquid,
401 2131 514 2221 Silius,
541 2133 682 2218 Drusus,
710 2134 773 2197 alia
797 2133 961 2217 quaedam.
1007 2131 1112 2218 Nunc,

87 2224 152 2288 nisi
177 2221 264 2287 Otho
289 2222 483 2304 exstitisset,
510 2223 597 2305 quod
621 2222 846 2307 scriberemus,
876 2243 943 2286 non
966 2225 1049 2305 erat3
1079 2223 1115 2286 id

87 2313 197 2395 ipsum
220 2311 357 2374 dilatum
380 2315 438 2374 est.
476 2309 598 2374 Tamen
616 2311 755 2396 adlevor,
777 2332 851 2375 cum
869 2311 986 2395 loquor
1004 2313 1112 2374 tecum

87 2400 221 2484 absens,
251 2398 355 2463 multo
389 2399 488 2463 etiam
518 2399 639 2484 magis,
671 2420 743 2463 cum
771 2403 844 2462 tuas
872 2399 999 2463 litteras
1027 2398 1111 2483 lego.

89 2487 162 2572 Sed,
184 2488 339 2572 quoniam
363 2490 395 2549 et
419 2486 495 2551 abes
520 2484 580 2572 (sic
602 2487 688 2551 enim
708 2484 864 2574 arbitror)
898 2491 930 2552 11
950 2487 1112 2551 scribendi

48 2603 73 2643 aa
87 2576 266 2642 necessitas
292 2575 384 2638 nulla
412 2580 475 2658 est,
508 2575 735 2659 conquiescent
762 2576 905 2660 litterae,
936 2576 1003 2640 nisi
1034 2575 1112 2658 quid

87 2665 166 2730 novi
190 2664 361 2728 exstiterit.

569 2839 635 2904 XL.

287 2960 344 3016 Ser.
359 2961 480 3017 Asturae
502 2960 566 3015 VII
579 2962 624 3015 Id.
640 2961 711 3015 Mar.
727 2979 753 3015 o.
770 2964 825 3016 709
845 2966 913 3030 (45).

397 3084 543 3140 CICERO
561 3083 708 3139 ATTICO
726 3083 809 3138 SAL.

50 3221 75 3261 11
157 3191 269 3270 Qualis
297 3193 408 3256 futura
436 3194 479 3257 sit
503 3191 649 3258 Caesaris
676 3193 874 3276 vituperatio
905 3197 1017 3258 contra
1044 3192 1146 3255 lau-1

90 3283 255 3348 dationem
281 3303 401 3368 meam,
431 3283 581 3365 perspexi
609 3305 647 3346 ex
671 3303 708 3346 eo
732 3282 830 3367 libro,
863 3303 959 3364 quem
982 3279 1111 3344 Hirtius

91 3370 130 3435 ad
156 3392 209 3435 me
238 3370 342 3455 misit3
374 3369 496 3454 inquo
526 3371 651 3454 colligit
679 3371 759 3434 vitia
782 3369 932 3454 Catonis,
960 3368 1015 3433 sed
1038 3390 1112 3431 cum

90 3459 241 3523 maximis
269 3458 419 3522 laudibus
446 3457 537 3523 meis.
582 3458 697 3542 Itaque
724 3458 800 3522 misi
830 3455 951 3521 librum
979 3457 1019 3519 ad
1042 3456 1112 3519 Mu-
