2616 3884
152 163 216 226 262
473 162 510 217 Μ.
530 161 637 215 TULLI
656 159 846 217 CICERONIS

150 305 309 370 sollicitus
333 327 419 370 eram
443 310 475 369 et
497 306 648 391 angebar,
671 306 754 370 sieut
773 327 824 369 res
846 305 968 369 scilicet
987 305 1057 388 ipsa
1078 327 1174 390 coge-

148 394 215 479 bat,
233 415 330 479 quom
350 394 485 458 consilio
506 393 664 476 explicare
683 393 767 457 nihil
785 416 927 480 possem3
946 416 1031 458 nunc
1050 397 1173 477 autem,

148 486 322 566 postquam
339 482 512 565 Pompeius
532 486 564 545 et
583 481 731 546 consules
750 503 789 545 ex
807 480 904 546 Italia
922 482 1080 567 exierunt,
1103 505 1174 546 non

149 592 260 658 angor,
284 571 340 634 sed
363 571 459 634 ardeo
484 570 603 653 dolore,

762 691 860 758 ‘odda‘
881 717 937 776 μοι
961 687 1042 776 ἦτορ
1201 718 1213 758 5

216 800 372 883 ἔμπεδον,
393 796 464 862 ἀλλ’
493 797 718 882 ἀλαλύκτημαι
728 798 746 862 ’.

148 921 225 986 Non
245 944 325 1004 sum,
341 921 491 1004 inquam,
514 919 597 984 milri
616 921 714 1005 crede,
733 921 851 985 mentis
865 937 1016 1008 'compos3
1039 923 1172 984 tantum

148 1009 229 1074 mihi
261 1009 422 1073 dedecoris
453 1009 620 1074 admisisse
650 1010 771 1074 videor.
816 1009 911 1073 Mene
937 1031 1005 1074 non
1026 1009 1172 1092 primum

149 1120 222 1162 cum
249 1096 403 1180 Pompeio
432 1098 659 1182 qualicumque
686 1097 823 1162 oonsilio
852 1119 925 1182 uso,
948 1096 1066 1162 'deinde
1095 1117 1171 1160 curn

149 1186 243 1249 bonis
268 1207 337 1249 esse
361 1186 508 1269 quamvis
527 1208 624 1250 causa
642 1190 763 1250 temere
782 1185 953 1249 instituta?
977 1185 1171 1269 praesertim
1186 1212 1212 1250 ιο

149 1295 222 1337 cum
236 1273 370 1359 diipsi,
397 1295 536 1357 quorum
564 1296 624 1360 ego
653 1296 747 1338 causa
770 1274 916 1338 timidius
938 1296 991 1339 me
1019 1273 1171 1338 fortunae

149 1362 405 1447 committebam,
434 1383 529 1446 uxor,
562 1363 643 1445 filia,
675 1360 844 1426 Cicerones
871 1362 979 1447 pueri,
1007 1383 1059 1426 me
1086 1361 1172 1426 illud

150 1450 241 1534 sequi
271 1450 419 1533 mallent,
449 1449 512 1514 hoc
541 1454 636 1534 turpe
666 1455 698 1514 et
730 1471 782 1515 me
811 1450 981 1535 indignum
1007 1452 1170 1534 putarent.

149 1537 235 1602 Nam
258 1537 397 1614 Quintus
427 1539 557 1622 quidem
585 1539 698 1623 frater,
729 1538 883 1622 quicquid
909 1538 992 1601 mihi
1018 1538 1171 1623 placeret,

148 1628 183 1690 id
205 1631 329 1690 rectum
353 1649 386 1691 se
409 1631 524 1710 putare
547 1627 668 1712 aiebat,
698 1625 733 1690 id
761 1627 868 1691 animo
898 1626 1094 1710 aequissimo
1124 1648 1170 1691 se·
1187 1653 1212 1692 15

150 1715 317 1798 quebatur.

115 1819 130 1867 5
217 1803 302 1868 Tuas
325 1825 411 1868 nunc
435 1802 591 1886 epistulas
616 1803 765 1886 aprime
786 1803 868 1887 lego.
916 1801 986 1866 Hae
1013 1824 1064 1865 me
1093 1824 1170 1886 pau·

148 1893 216 1956 lum
240 1895 393 1956 recreant.
439 1889 567 1954 Primae
591 1894 724 1954 monent
749 1894 780 1954 et
804 1893 936 1976 rogant,
959 1911 1074 1954 neme
1097 1911 1171 1973 pro·
1286 1945 1287 1958 .

149 1980 258 2064 iciam,
272 1979 452 2062 *proximae
475 1979 615 2064 gaudere
637 1982 671 2042 te
695 1978 869 2043 ostendunt
887 1998 944 2042 me
966 1979 1169 2042 remansisse.
1286 1989 1287 2048 l

149 2068 215 2131 Eas
238 2088 312 2130 cum
334 2067 418 2152 lege,
441 2067 548 2130 minus
571 2065 653 2130 mihi
672 2066 777 2150 turpis
795 2067 916 2151 videor,
940 2067 995 2130 sed
1018 2069 1086 2130 tam
1105 2066 1170 2152 diu,
1186 2094 1212 2131 ao
1286 2083 1287 2136 i

150 2156 227 2218 dum
249 2154 331 2240 lego.
377 2153 501 2218 Deinde
529 2155 665 2239 emergit
692 2177 823 2219 rursum
853 2154 945 2218 dolor
969 2157 1001 2218 et
1029 2156 1169 2239 αἰσχροῦ

151 2247 327 2326 φαντασίαι
372 2241 474 2318 Quam
504 2242 545 2305 ob
569 2263 637 2306 rem
661 2242 792 2306 obsecro
822 2246 870 2328 te,
897 2243 943 2306 mi
967 2241 1054 2328 Tite,
1082 2243 1170 2326 eripe

141 2330 230 2393 mihi
253 2328 340 2394 huno
359 2330 503 2394 dolorem
526 2332 582 2394 aut
599 2329 709 2394 minue
729 2331 844 2394 saltem
868 2333 924 2394 aut
947 2331 1170 2395 consolatione

151 2421 206 2482 aut
230 2418 374 2501 consilio,
398 2422 454 2482 aut
478 2439 679 2502 quacumque
702 2440 736 2482 re
759 2423 865 2502 potes.
898 2417 982 2493 Quid
1004 2422 1042 2482 tu
1060 2422 1170 2484 autem

150 2506 279 2590 possis?
302 2510 358 2570 aut
382 2507 460 2590 quid
481 2504 579 2570 homo
605 2507 799 2591 quisquam?
845 2505 911 2570 Vix
933 2507 999 2570 iam
1023 2506 1109 2571 deus.
1186 2533 1213 2573 α
1286 2543 1287 2590 q

116 2611 132 2658 6
217 2593 380 2676 Equidem
402 2595 484 2658 illud
506 2595 637 2678 molior,
669 2595 756 2678 quod
785 2599 822 2658 tu
851 2615 974 2658 mones.
996 2615 1171 2679 sperasque
1286 2593 1287 2662 l

151 2682 220 2745 fieri
244 2703 352 2765 posse,
382 2685 420 2745 ut
442 2681 523 2746 mihi
548 2681 664 2747 Caesar
688 2683 853 2767 concedat,
884 2687 921 2746 ut
950 2683 1066 2767 absim,
1097 2705 1172 2747 cum

152 2770 274 2853 aliquid
296 2771 331 2833 in
354 2773 468 2834 senatu
491 2776 603 2834 contra
628 2771 773 2836 Gnaeum
804 2773 928 2856 agatur.
961 2799 967 2830 :
976 2770 1039 2835 Sed
1060 2771 1172 2854 timec,
1220 2841 1222 2844 ,
1286 2779 1287 2852 l

150 2880 191 2922 ne
213 2879 280 2923 nou
301 2858 479 2942 impetrem.
526 2857 626 2923 Venit
649 2859 689 2923 ab
714 2881 751 2924 eo
775 2858 924 2924 Furnius.
969 2858 1017 2924 Ut
1041 2859 1172 2941 quidem
1286 2853 1287 2934 J

152 2945 247 3031 scias,
278 2967 360 3029 quos
392 2967 575 3029 sequamur,
607 2946 641 3022 Q.
665 2947 768 3012 Titini
798 2948 901 3012 filium
931 2969 1004 3011 cum
1036 2945 1172 3012 Caesare
1187 2973 1213 3014 ao
1286 2945 1287 3020 l

152 3055 221 3098 esse
250 3034 395 3119 nuntiat,
424 3035 486 3098 sed·
509 3034 603 3098 illum
633 3036 770 3100 maiores
801 3035 883 3099 mihi
914 3036 1037 3120 gratias
1067 3058 1172 3121 agere,
1286 3021 1287 3090 l

152 3145 249 3206 quam
277 3123 400 3186 vellem.
447 3121 531 3198 Quid
558 3127 666 3186 autem
694 3146 745 3188 me
769 3129 861 3210 roget
888 3124 1001 3207 paucis
1024 3123 1079 3187 ille
1102 3124 1173 3208 qui-

152 3213 224 3274 dem
247 3211 369 3296 verbis,
400 3211 456 3274 sed
484 3211 521 3275 ἐν
545 3211 698 3297 δυνάμει,
728 3233 886 3297 cognosce
910 3235 949 3276 ex
979 3211 1083 3296 ipsius
1108 3213 1174 3297 epi-

151 3300 245 3363 stula.
282 3299 336 3363 Me
358 3298 521 3383 miserum,
544 3297 631 3382 quod
654 3303 691 3362 tu
713 3321 786 3365 non.
803 3300 948 3364 valuisti!
972 3322 1038 3363 una
1057 3301 1173 3364 fuisse-

147 3410 232 3473 ·mus3
256 3387 427 3452 consilium
450 3390 536 3451 certe
558 3407 625 3450 non
647 3386 814 3471 defuisset3
842 3388 923 3452 ‘cdv
942 3411 977 3452 τε
997 3386 1048 3452 δύ’
1078 3388 1173 3472 dexo·
1187 3412 1215 3454 ss

155 3475 245 3552 μένω
270 3476 333 3541 -'.
