2616 3884
165 168 232 232 266
488 167 527 222 Μ.
546 165 654 221 TULLI
672 165 862 221 crcaaoms

144 331 147 335 ’
232 309 273 376 In
299 311 441 394 Epirum
473 310 560 395 quod
589 332 640 374 me
671 331 739 375 non
771 310 903 395 invitas,
920 309 1088 374 comitem
1120 330 1188 373 non

161 397 349 483 molestum,
373 398 566 464 subirascor.
605 397 668 464 sed
690 399 769 462 vale.
810 397 906 480 Nam,
929 402 966 462 ut
989 398 1052 463 tibi
1076 397 1187 462 ambu-

163 487 311 574 landum,
345 487 544 572 ungendum,
581 485 627 550 sic
657 485 739 549 mihi
769 486 999 550 dormiendum.
1050 485 1188 550 Etenim

162 577 293 641 litterae
315 579 393 639 tuae
414 575 496 639 mihi
519 596 670 640 somnum
694 575 882 638 attulerunt.

656 749 694 814 A.

305 871 362 927 Sor.
382 871 487 925 Romae
509 871 556 924 VI
570 877 620 926 out
640 869 669 925 V
681 871 728 925 Id.
748 871 836 926 Mart.
857 889 882 925 a.
903 875 959 926 705
978 874 1048 940 (49).

322 993 462 1048 BALBUS
481 993 528 1047 ET
548 993 675 1048 OPPIUS
695 994 721 1048 S.
740 993 774 1049 D.
790 991 831 1048 m.
849 992 1030 1048 cucusum

131 1123 145 1170 1
233 1101 393 1188 †Nedum
415 1101 587 1166 hominum
609 1102 797 1187 humilium,
829 1106 866 1166 ut
888 1124 948 1167 nos
972 1123 1098 1186 sumus,
1124 1103 1190 1168 sod

167 1189 266 1256 etiarn
290 1190 566 1272 amplissimorum
584 1190 730 1255 virorum
753 1191 946 1254 consilia-ex
959 1194 1096 1275 ¹eventu,
1118 1213 1190 1256 non
1296 1263 1297 1270 χ

167 1301 206 1344 ex
228 1278 396 1344 voluntate
420 1302 438 1342 a
460 1279 622 1362 plerisque
644 1278 777 1360 probari
804 1279 917 1343 solent.
964 1278 1086 1344 Tamen
1108 1279 1189 1342 freti
1205 1306 1234 1343 10
1296 1275 1297 1328 l

166 1372 224 1432 tua
245 1366 461 1452 humanitate,
492 1367 579 1451 quod
601 1367 807 1430 verissimum
829 1366 1120 1453 nobisvidebitur,
1149 1367 1189 1431 de
1296 1363 1297 1428 l

167 1477 219 1540 ec,
250 1454 337 1540 quod
367 1454 407 1518 ad
436 1477 496 1519 nos
527 1454 700 1539 scripsisti,
730 1455 792 1518 tibi
823 1455 994 1519 consilium
1026 1455 1187 1519 dabimus
1296 1459 1297 1510 ἐ

168 1543 261 1619 Quod
290 1543 319 1607 si
346 1565 414 1607 non
436 1543 536 1607 fuerit
559 1544 713 1628 prudens,
743 1546 887 1607 atcerte
910 1543 950 1608 ab
974 1543 1099 1626 optima
1122 1543 1188 1608 fide
1296 1587 1297 1628 3

167 1636 199 1696 et
224 1632 348 1715 optimo
372 1631 479 1695 animo
502 1631 732 1715 proficiscetur.

233 1719 266 1785 N
269 1743 317 1804 os,
349 1721 377 1783 si
400 1719 447 1802 id,
478 1720 565 1802 quod
592 1723 706 1782 nostro
737 1719 855 1783 iudicio
883 1717 1057 1784 Caesarem
1079 1719 1187 1784 facere
1205 1745 1232 1785 15
1296 1767 1297 1794 ,

166 1813 316 1892 oportere
340 1808 571 1892 existimamus,
594 1810 640 1889 ut,
664 1807 762 1870 simul
783 1806 924 1871 Romam
946 1808 1085 1893 venerit,
1109 1813 1187 1892 agat
1296 1807 1297 1830 ³

166 1897 205 1962 de
228 1896 488 1962 reconciliatione
511 1895 635 1980 gratiae
659 1917 734 1960 suae
757 1899 790 1959 et
808 1894 952 1981 Pompei,
973 1895 1008 1959 id
1026 1917 1099 1959 eurn
1122 1896 1188 1960 fac-

167 1989 278 2050 turum
306 2006 345 2048 ex
373 1984 445 2066 ipso
477 1983 754 2070 cognovissemus,
784 1983 959 2048 deberemus
987 1987 1020 2048 te
1049 1983 1188 2068 hortari,

167 2078 204 2137 ut
226 2073 325 2138 velles
354 2071 395 2135 iis
425 2071 520 2135 rebus
550 2072 719 2154 interesse,
750 2092 813 2155 quo
843 2071 970 2136 facilius
999 2074 1033 2135 et
1062 2071 1188 2136 maiore

167 2183 241 2224 cum
265 2160 422 2244 dignitate
445 2181 502 2242 per
525 2163 572 2243 te,
602 2158 658 2241 qui
681 2159 811 2242 utrique
839 2181 875 2224 es
895 2159 1103 2243 coniunctus,
1133 2182 1187 2224 res
1204 2187 1232 2224 20

168 2252 238 2312 tota
261 2247 426 2332 confieret,
456 2251 525 2333 aut,
554 2247 582 2310 si
609 2269 648 2310 ex
671 2247 833 2312 contrario
861 2251 1048 2330 putaremus
1074 2246 1189 2313 Caesa-

167 2359 236 2401 rem
266 2336 300 2399 id
328 2357 395 2400 non
423 2336 586 2399 facturum
621 2338 653 2398 et
683 2335 782 2399 etiam
798 2336 893 2400 ³velle
925 2355 999 2400 cum
1027 2334 1188 2418 Pompeio
1296 2387 1297 2394 ,

167 2424 289 2489 bellum
320 2444 430 2508 gerere
459 2423 639 2505 sciremus,
660 2444 839 2507 numquam
872 2423 935 2488 tibi
969 2423 1189 2510 suaderemus,

167 2516 281 2576 contra
303 2510 469 2576 hominem
500 2511 620 2594 optime
651 2510 689 2574 de
719 2515 752 2576 te
781 2512 934 2576 meritum
962 2535 1051 2576 arma
1073 2512 1189 2596 ferres,
1296 2567 1297 2572 ,

169 2600 264 2664 sicuti
287 2604 320 2663 te
340 2618 465 2682 semper
485 2599 655 2682 oravimus,
678 2620 719 2664 ne
738 2604 851 2665 contra
871 2597 1040 2664 Caesarem
1061 2622 1188 2686 pugna-
1204 2627 1231 2667 25

130 2708 227 2756 ares.
274 2686 351 2771 sea,
374 2709 447 2751 cum
470 2687 568 2751 etiarn
590 2709 689 2771 nunc,
717 2688 797 2770 quid
822 2688 966 2752 facturus
992 2687 1109 2753 Caesar
1132 2689 1188 2772 sit,

167 2776 272 2860 magis
297 2776 423 2859 opinari
447 2797 544 2858 quam
568 2775 649 2839 scire
667 2778 837 2858 possimus,
865 2776 996 2842 scribere
1021 2798 1089 2840 non
1112 2799 1188 2859 pos-

169 2886 280 2929 sumus
303 2864 368 2926 nisi
390 2862 461 2948 hoc,
482 2884 550 2927 non
572 2862 674 2927 videri
697 2885 768 2928 eam
790 2868 881 2928 tuam
905 2886 974 2929 esse
991 2865 1187 2948 dignitatem

166 2973 270 3035 neque
293 2952 390 3016 fidem
414 2951 563 3015 omnibus
587 2951 764 3037 cognitam,
787 2955 826 3016 ut
849 2957 961 3016 contra
984 2953 1188 3037 alterutrum,

168 3061 241 3104 cum
263 3038 394 3123 utrique
422 3039 466 3104 sis
496 3038 636 3103 maxime
663 3041 874 3123 necessarius,
905 3063 994 3104 arma
1023 3041 1122 3124 feras,
1153 3046 1187 3106 et
1202 3069 1230 3108 ao

166 3128 229 3193 hoc
256 3149 324 3192 non
355 3127 540 3192 dubitamus
569 3127 649 3210 quin
673 3126 790 3192 Caesar
816 3151 876 3212 pro
900 3149 960 3193 sua
981 3128 1187 3194 humanitate

153 3216 305 3280 'maxime
329 3216 373 3280 sit
395 3216 601 3298 probaturus.
643 3213 712 3281 Nos
737 3221 855 3301 tamen,
879 3217 907 3282 si
929 3217 992 3281 tibi
1013 3216 1188 3302 videbitur,

165 3305 207 3369 ad
231 3303 399 3369 Caesarem
424 3304 613 3386 scribemus,
643 3307 681 3367 ut
704 3325 764 3369 nos
788 3305 941 3370 certiores
965 3305 1078 3391 faciat,
1108 3306 1188 3388 quid

165 3393 226 3458 hac
249 3403 283 3457 re
305 3396 438 3456 'acturus
462 3391 534 3457 sit·
559 3391 591 3456 A
614 3413 678 3475 quo
710 3391 738 3456 si
768 3391 830 3456 erit
856 3393 953 3458 nobis
979 3394 1188 3478 rescriptum,

165 3482 286 3568 statim,
311 3503 392 3564 quae
416 3479 601 3562 sentiemus
625 3480 663 3543 ad
687 3482 720 3542 te
744 3480 923 3545 scribemus
946 3484 979 3545 et
1002 3481 1065 3544 tibi
1088 3481 1189 3546 fidem
1202 3509 1229 3550 aa
