2564 3880
168 144 233 207 408
255 158 258 162 ’
491 142 528 198 Μ.
548 143 656 197 TULLI
676 143 866 198 CICERONIS

169 284 364 369 Semperque
389 285 566 350 Carneades
589 287 760 370 προβολὴν
782 285 905 370 pugilis
924 290 957 349 ct
975 287 1194 350 retentionem

169 374 299 458 aurigae
322 373 462 438 similem
479 375 557 438 facit
577 373 686 460 ἐποχῇ.
723 373 881 438 Inhibitio
901 379 1010 438 autem
1029 375 1193 458 remigum

168 466 294 526 motum
321 461 420 526 habet
448 466 480 526 ct
507 462 780 527 vehementiorem
807 462 937 545 quidem
964 461 1190 547 remigationis

167 571 283 614 navem
316 550 534 614 convertentis
566 550 607 613 ad
638 551 781 634 puppim.
829 549 943 635 Vides,
977 555 1100 633 quanto
1127 549 1189 612 hoc
1261 583 1262 631 ,

169 636 358 722 diligentius
378 660 486 702 curem
505 660 602 722 quam
621 642 678 702 aut
697 639 735 703 de
753 660 882 702 rumore
901 642 957 701 aut
977 639 1016 702 de
1032 638 1186 720 Pollione,
1214 663 1226 701 ⁵

169 725 207 788 de
224 724 331 789 Pansa
355 727 462 810 etiam,
486 727 514 790 si
534 726 611 809 quid
630 727 749 791 certius
768 725 877 812 (credo
897 727 983 790 enim
1000 727 1108 810 palam
1125 727 1186 788 fac-

167 817 239 876 tum
267 811 364 900 csse),
395 814 434 877 dc
462 812 624 900 Critonio,
654 815 683 878 si
710 815 788 898 quid
815 815 941 898 †esset
969 819 1056 878 certe
1082 835 1121 877 ne
1149 813 1185 876 de

168 900 300 966 Metello
325 906 358 965 et
380 901 527 966 Balbino.

629 1076 735 1142 XXla.

257 1197 314 1252 Sor.
329 1199 362 1251 ia
381 1197 517 1265 Arpbratc'
530 1199 606 1266 prid.
622 1199 659 1252 K.
675 1203 726 1252 act
744 1199 781 1253 K.
799 1198 894 1268 Quint.
910 1215 936 1252 a.
953 1201 1009 1252 709
1028 1200 1097 1265 (45).
1197 1207 1221 1244 1⁰

476 1320 622 1375 CICERO
639 1319 786 1376 ATTICO
804 1319 888 1375 SAL.

89 1447 103 1492 1
123 1447 153 1498 (4)
235 1427 296 1492 Dic
318 1428 409 1513 mihi,
432 1429 578 1511 placetne
597 1429 658 1492 tibi
677 1429 819 1512 primum
838 1429 931 1492 edere
948 1427 1075 1492 iniussu
1092 1424 1182 1489 meo?

167 1515 239 1580 Hoc
266 1539 306 1580 ne
329 1516 551 1580 Hermodorus
575 1517 705 1600 quidem
727 1517 882 1601 faciebat,
909 1517 938 1580 is
963 1516 1019 1599 qui
1041 1513 1182 1578 Platonis

167 1605 269 1668 libros
298 1604 414 1669 solitus
443 1609 493 1670 cst
520 1604 702 1690 divulgare,
732 1627 770 1668 ex
802 1627 866 1688 quo
890 1605 1055 1686 ‘tdyoccw
1075 1601 1183 1685 Ἑρμό-

169 1693 297 1779 dcrpog'.
348 1691 453 1767 Quid?
491 1692 572 1755 illud
608 1697 774 1757 rectumne
809 1693 976 1756 existimas
1014 1691 1184 1775 quoiquam
1194 1714 1219 1754 1⁵

168 1787 240 1845 aab
262 1802 357 1862 quara
379 1779 493 1865 Bruto,
516 1781 568 1843 cui
591 1780 629 1844 de
653 1784 783 1844 auctore
801 1779 1012 1866 προςφωνῶῩ
1051 1776 1184 1860 Scripsit

169 1869 255 1932 enim
275 1869 398 1932 Balbus
427 1868 467 1931 ad
489 1890 540 1931 me
569 1889 603 1931 se
631 1891 650 1931 a
677 1872 710 1933 te
738 1868 889 1952 quintum
918 1867 969 1930 ‘de
996 1866 1129 1931 finibus'
1151 1865 1184 1927 li-

168 1957 263 2020 brum
286 1956 508 2042 descripsisse,
531 1957 567 2020 in
589 1978 654 2039 quo
673 1978 739 2020 non
759 1979 833 2020 sane
852 1956 957 2020 multa
975 1954 1111 2039 mutavi,
1133 1952 1185 2016 scd

168 2049 277 2108 tamen
305 2044 470 2128 quaedam.
516 2043 566 2107 Tu
589 2049 698 2108 autem
720 2045 887 2108 commode
910 2043 1038 2126 feceris,
1067 2043 1096 2105 si
1117 2041 1185 2104 reli·

169 2154 250 2215 quos
279 2132 490 2216 continueris,
517 2154 558 2195 ne
586 2136 619 2195 et
647 2132 840 2215 ἀδιόρθωτα
867 2131 987 2195 habeat
1009 2129 1133 2194 Balbus
1156 2133 1219 2192 etro

169 2220 255 2286 ἕωλα
274 2221 404 2283 Brutus.
439 2217 503 2284 Sed
525 2219 603 2283 haec
622 2218 787 2303 hactenus,
806 2242 846 2283 ne
864 2219 974 2283 videar
992 2217 1070 2301 περὶ
1089 2217 1186 2301 μικρὰ

169 2309 377 2386 σπουδάζειν.
431 2308 507 2372 Etsi
540 2329 626 2371 nunc
660 2307 789 2390 quidem
821 2307 963 2371 maxima
997 2305 1080 2370 mihi
1113 2308 1187 2370 sunt
1261 2342 1262 2362 i

168 2396 260 2480 haec,
284 2395 435 2479 quidest
459 2396 545 2459 enim
569 2395 678 2459 aliud?
1261 2409 1262 2472 t

236 2483 377 2547 Varroni
405 2482 535 2566 quidem
563 2504 644 2566 quae
672 2483 786 2567 scripsi
817 2486 850 2546 te
874 2485 1019 2565 auctore,
1047 2481 1095 2544 ita
1117 2501 1188 2564 pro·
1261 2479 1262 2560 ξ

169 2593 246 2656 pero
265 2571 405 2655 mittere,
427 2576 464 2634 ut
483 2571 548 2635 iam
566 2570 704 2634 Romam
722 2571 867 2634 miserim
885 2568 1103 2633 describenda.
1142 2568 1188 2632 lla
1200 2593 1220 2633 25
1261 2562 1262 2632 l

169 2661 198 2724 si
230 2658 333 2744 voles,
366 2659 479 2722 statim
505 2658 648 2722 habebis.
696 2658 818 2741 Scripsi
847 2658 933 2721 enim
961 2658 1001 2720 ad
1028 2656 1188 2740 librarios,
1261 2679 1262 2749 p

170 2752 207 2811 ut
234 2747 326 2810 fieret
355 2747 437 2832 tuis,
465 2747 553 2810 situ
576 2747 688 2831 velles,
716 2745 918 2810 describendi
940 2749 1095 2829 potestas.
1142 2743 1189 2807 Ea
1261 2760 1262 2818 t

169 2856 245 2898 vero
270 2835 465 2916 continebis,
493 2836 599 2918 quoad
621 2836 691 2918 ipse
714 2840 748 2898 te
771 2833 910 2918 videam3
946 2832 1034 2916 quod
1057 2833 1188 2916 diligen·
1261 2821 1262 2904 l

171 2923 296 2987 tissime
318 2923 422 2987 facere
452 2923 550 3007 soles,
579 2945 652 2986 cum
675 2946 693 2987 a
716 2945 768 2986 me
790 2922 853 2985 tibi
877 2922 1002 2984 dictum
1025 2924 1083 2984 est.
1131 2920 1190 2985 Sed
1261 2943 1262 2988 t

100 3030 156 3081 no)
170 3012 271 3076 nescio
299 3032 363 3094 quo
387 3010 483 3074 modo
508 3015 602 3074 antea
624 3012 712 3095 fugit
734 3033 786 3074 me
809 3009 871 3074 tibi
895 3009 1007 3073 dicere,
1054 3008 1189 3071 Mirifice
1200 3033 1221 3072 cc

173 3098 329 3163 Caerellia
343 3098 452 3162 studio
467 3098 615 3162 videlicet
627 3097 852 3181 philosophiae
866 3097 1007 3182 flagrans
1023 3096 1190 3180 [describit

172 3210 191 3251 a
212 3186 293 3271 tuis]
317 3188 399 3251 istos
423 3187 512 3269 ipsos
536 3186 586 3250 ‘de
609 3186 741 3250 finibus’
764 3186 871 3250 habet.
908 3186 982 3269 Ego
1002 3189 1112 3249 autem
1130 3184 1190 3248 tibi

172 3275 326 3338 confirmo
351 3272 499 3360 (possum
522 3272 593 3338 falli
616 3277 653 3337 ut
676 3273 790 3360 homo)
810 3297 829 3338 a
851 3273 932 3337 meis
957 3295 1027 3337 eam
1048 3294 1116 3336 non
1138 3271 1189 3335 ha-

172 3362 261 3445 bere,
292 3383 469 3444 numquam
485 3361 583 3424 enim
612 3361 652 3424 ab
676 3362 778 3425 oculis
802 3361 882 3426 meis
906 3362 1065 3424 afuerunt.
1112 3358 1189 3423 Tan·

173 3453 245 3511 tum
271 3470 369 3532 porro
398 3449 523 3534 aberat,
552 3452 589 3511 ut
616 3448 711 3512 binos
739 3449 929 3533 scriberent,
960 3449 1017 3513 vix
1045 3446 1188 3532 singulos
1201 3471 1222 3511 aa
