2560 3880
205 171 271 234 510
526 170 564 224 M.
584 169 691 224 TULLI
710 169 899 224 CICERONIS

637 379 717 446 Xlll
779 434 785 446 .

420 502 475 557 Ser.
490 504 598 573 Aquini
615 503 664 556 IV
679 379 809 558 Id.(N)ov.
824 521 850 558 a.
866 505 921 558 710
940 507 1008 570 (44).

509 624 654 679 CICERO
671 625 817 680 ATTICO
834 626 917 682 SAL.

173 752 185 796 1
273 731 301 796 O
333 755 442 798 casum
468 732 654 798 mirificum!
691 751 714 797 v
740 731 817 797 Idus
844 756 916 798 cum
945 737 1021 798 ante
1048 734 1154 798 lucem
1179 733 1213 796 da

207 819 402 884 Sinuessano
430 821 638 885 surrexissem
665 822 886 906 venissemque
913 822 1055 886 diluculo
1080 822 1123 885 ad
1143 843 1241 904 pon-⁵

206 915 272 972 tem
294 909 457 994 Tirenum,
479 909 535 991 qui
557 912 606 972 est
629 909 819 995 Menturnis,
842 911 877 973 in
900 932 964 993 quo
988 909 1093 974 flexus
1112 913 1161 974 est
1179 909 1212 971 ad

205 998 268 1060 iter
298 995 453 1081 Arpinas,
490 996 617 1060 obviam
653 997 734 1061 mihi
767 998 804 1061 fit
836 998 1041 1083 tabellarius3
1080 997 1138 1081 qui
1167 1018 1212 1060 me

206 1085 339 1148 offendit
367 1085 515 1167 ‘detexta
541 1089 647 1149 πλόον
675 1086 898 1171 ὁρμαίνοντα’.
943 1085 989 1148 At
1017 1107 1079 1171 ego
1109 1085 1212 1149 statim

206 1171 327 1258 ‘Oed0',
352 1172 499 1257 inquam,
526 1172 566 1236 ‘si
594 1172 670 1255 quid
693 1173 733 1236 ab
756 1172 888 1238 Attico?
934 1172 1089 1237 Nondum
1112 1174 1211 1258 legere

205 1264 403 1345 poteramus,
425 1282 501 1324 nam
519 1263 551 1323 et
568 1260 691 1324 lumina
709 1261 941 1345 dimiseramus,
957 1283 1017 1326 nec
1036 1261 1117 1325 satis
1136 1261 1211 1324 luce
1223 1285 1240 1322 a

206 1349 269 1411 bat.
307 1346 388 1412 Cum
411 1352 518 1411 autem
540 1348 677 1435 luceret,
693 1354 767 1413 ante
786 1350 906 1432 scripta
925 1349 1064 1432 epistula
1084 1371 1124 1418 ex
1143 1349 1212 1411 dua-

205 1435 266 1500 bus
289 1435 354 1500 tuis
376 1436 465 1519 pricr
487 1435 568 1499 mihi
589 1436 656 1522 legi
679 1441 792 1521 coepta
811 1441 868 1501 est.
904 1435 966 1501 Illa
985 1437 1132 1501 omnium
1150 1436 1211 1519 qui·

205 1525 276 1588 dem
300 1523 546 1608 elegantissima.
583 1522 634 1587 Ne
656 1525 717 1588 sim
741 1525 858 1609 salvus,
881 1525 909 1589 si
932 1525 1027 1589 aliter
1050 1525 1158 1588 scribo
1181 1545 1213 1586 aa

205 1613 318 1678 sentio,
359 1611 453 1675 Nihil
473 1611 539 1696 legi
560 1611 741 1677 humanius.
778 1611 892 1698 Itaque
914 1613 1050 1699 veniam,
1075 1635 1140 1697 quo
1163 1633 1211 1676 vo-

205 1722 266 1784 cas,
288 1699 383 1764 modo
406 1700 552 1763 adiutore
578 1703 619 1764 te.
666 1700 729 1765 Sed
750 1701 834 1766 nihil
857 1705 925 1765 tam
948 1700 1212 1786 ἄπροςδιόννσον
1222 1723 1240 1761 15

204 1789 284 1852 mihi
316 1788 422 1872 primo
454 1787 624 1851 videbatur
651 1785 748 1871 quam
776 1789 817 1853 ad
844 1810 897 1852 eas
923 1788 1065 1872 litteras,
1100 1789 1212 1871 quibus

204 1898 264 1960 ego
293 1898 311 1939 a
338 1879 371 1940 te
398 1875 569 1939 consilium
590 1876 758 1960 petieram,
786 1880 819 1941 te
841 1877 921 1940 mihi
944 1877 1009 1940 ista
1030 1877 1211 1940 rescribere.

169 1964 286 2028 allece
318 1964 381 2028 tibi
413 1962 527 2048 altera,
555 1984 618 2046 qua
649 1963 790 2028 hortaris
821 1963 904 2049 ‘cap’
938 1965 1123 2048 ἠνεμόεντα
1151 1967 1213 2028 Μί-

203 2076 323 2136 μαντα,
351 2053 457 2134 νήσου
486 2049 539 2116 ἐπὶ
567 2051 721 2136 Ψυρίης’,
751 2051 892 2136 Appiam
916 2052 1037 2117 scilicet
1062 2051 1120 2117 ’ἐπ’
1147 2052 1213 2136 ἀρι-

204 2140 286 2227 στέρ’
312 2140 450 2224 ἔχοντα’.
481 2137 595 2222 Itaque
614 2161 651 2203 co
670 2140 720 2203 die
738 2141 843 2204 mansi
861 2140 992 2223 Aquini.
1029 2138 1240 2225 Longuluma
1259 2177 1260 2236 ,

204 2251 279 2294 sane
307 2229 370 2294 iter
397 2231 429 2292 et
456 2227 508 2291 via
535 2228 626 2291 mala.
678 2225 754 2292 Inde
777 2229 940 2312 postridie
968 2249 1062 2292 mane
1091 2228 1212 2313 profici-

203 2339 294 2382 scens
316 2316 375 2380 has
398 2315 524 2380 literas
548 2316 627 2379 dedi.

613 2507 721 2574 XHIa
746 2506 804 2596 (b).

370 2627 426 2682 Ser.
441 2630 473 2682 νο
491 2629 626 2697 Arpinati
642 2629 699 2683 ΠΙ
712 2631 756 2683 Id.
771 2630 842 2683 Νον.
858 2647 884 2683 ο,
900 2632 955 2684 710
974 2631 1042 2696 (44).

504 2751 648 2806 CICERO
665 2751 812 2806 ATTICO
830 2750 913 2805 SAL.
1222 2759 1239 2798 a

167 2875 180 2922 1
268 2855 361 2898 Η*
384 2861 416 2920 et
439 2859 576 2944 quidem,
598 2862 636 2923 ut
659 2881 678 2923 a
700 2881 752 2923 me
777 2859 972 2923 dimitterem
991 2859 1212 2944 invitissimus,

202 2945 346 3009 feceruut
367 2944 479 3009 Erotis
502 2947 638 3011 litterae.
675 2946 757 3011 Rem
779 2946 840 3010 tibi
864 2945 940 3011 Tiro
963 2947 1118 3012 narrabit.
1159 2947 1212 3030 Tu,

202 3033 280 3116 quid
302 3032 483 3096 faciendum
502 3035 554 3114 sit,
576 3035 708 3098 videbis.
754 3033 932 3118 Praeterea,
954 3035 1120 3118 possimne
1143 3057 1211 3118 pro·

202 3121 274 3203 pius
294 3120 440 3184 accedere
455 3118 554 3206 (malo
573 3123 657 3186 enim
677 3143 746 3186 esse
763 3123 798 3186 in
812 3121 993 3186 Tusculano
1013 3126 1068 3186 aut
1087 3124 1211 3206 uspiam
1256 3121 1257 3192 l

201 3209 236 3271 in
264 3207 478 3296 suburbano),
506 3231 546 3272 an
574 3210 672 3273 etiam
698 3210 826 3294 longius
857 3210 1081 3274 discedendum
1110 3214 1239 3294 puteas

202 3296 313 3359 crebro
342 3296 382 3359 ad
404 3317 455 3360 me
477 3297 575 3360 velim
599 3297 727 3362 scribas.
773 3297 848 3362 Erit
872 3301 980 3362 autem
1003 3297 1136 3382 cotidie,
1164 3297 1210 3362 cui
1255 3375 1256 3384 ἦ

168 3382 265 3446 sdes.
312 3382 404 3459 Quod
431 3388 594 3467 praeterea
622 3385 776 3468 consulis,
805 3386 883 3468 quid
910 3385 972 3449 tibi
1000 3407 1148 3450 censeam
1171 3387 1210 3450 f·
1255 3389 1256 3420 ¹

203 3469 367 3558 ciundum,
396 3472 524 3536 difficile
548 3475 610 3557 est,
640 3493 713 3536 cum
736 3472 846 3537 absim.
893 3471 1157 3558 Verumtamen,
1186 3473 1212 3538 si
1255 3423 1256 3513 l
