2564 3880
230 169 489 224 EPISTULARUM
507 171 558 224 AD
576 170 741 226 ATTICUM
758 171 825 225 ΧΙΠ
843 176 957 227 42-45.
1039 172 1105 236 427

82 313 239 396 opinione
262 316 295 376 et
317 313 410 378 fama.
453 311 585 378 Cottam
607 315 652 378 mi
674 314 772 378 velim
794 314 921 399 mittas3
948 314 1107 380 Libonem
1125 333 1141 382 3

80 423 212 464 mecum
234 401 338 465 habeo
362 406 395 466 et
415 401 592 467 habueram
610 406 685 466 ante
704 401 845 466 Cascam.
883 401 1006 468 Brutus
1024 403 1106 468 mihi

81 489 118 553 Τ.
143 488 257 573 Ligari
283 490 390 555 verbis
418 491 597 577 nuntiavit,
629 490 716 574 quod
743 490 924 574 appelletur
949 490 985 555 L.
1007 490 1106 556 Corfi-

80 577 157 642 dius
181 578 218 641 in
240 578 387 643 oratione
409 578 593 663 Ligariana,
615 583 758 642 erratum
781 600 851 644 esse
873 600 990 643 meum.
1035 577 1105 661 Sed,

54 669 121 730 sut
151 665 258 750 aiunt,
289 668 497 750 μνημονικὸν
524 666 705 752 ἁμάρτημα.
753 664 900 732 Sciebam
927 663 1106 732 Corfidium

80 754 358 836 pernecessarium
380 753 600 839 Ligariorum
634 755 689 818 sed
717 776 791 818 eum
821 755 913 820 video
938 760 1106 819 anteesse

79 845 260 906 mortuum.
296 842 347 907 Da
370 843 481 928 igitur,
505 863 635 928 quaeso,
656 843 827 927 negotium
847 842 1016 929 Pharnaci,
1039 842 1105 908 An·

80 934 170 1013 taeo,
199 929 321 1017 Salvio,
348 934 386 995 ut
408 931 442 995 id
464 952 583 995 nomen
606 951 645 994 ex
668 931 819 995 omnibus
842 931 936 996 libris
958 931 1104 996 tollatur.

544 1105 643 1170 XLV.

39 1238 66 1276 ro
241 1227 298 1283 Ser.
313 1228 345 1280 ia
366 1227 523 1282 Tusculano
541 1228 598 1282 III
612 1226 656 1281 Id.
672 1227 745 1282 Sext.
761 1245 786 1281 a.
803 1231 859 1283 709
878 1231 947 1296 (45).

390 1349 536 1405 CICERO
553 1349 700 1406 Amce
719 1350 802 1404 SAL.

149 1457 228 1523 Fuit
250 1459 337 1543 apud
358 1480 409 1522 me
433 1458 546 1522 Lamia
568 1462 644 1542 post
667 1459 844 1523 discessum
866 1462 961 1522 tuum
984 1460 1103 1542 epistu-
1123 1477 1137 1524 1

79 1547 212 1632 lamque
242 1547 282 1611 ad
313 1568 365 1611 me
391 1547 503 1611 attulit
530 1547 663 1611 missam
692 1547 755 1610 sibi
783 1569 802 1609 a
826 1543 969 1611 Caesare.
1015 1546 1104 1622 Quae
1190 1572 1192 1578 ’

81 1658 280 1720 quamquam
316 1639 391 1700 ante
427 1635 503 1700 data
539 1639 609 1700 erat
643 1656 741 1718 quam
771 1635 847 1698 illae
878 1633 1103 1719 Diocharinae,

40 1749 66 1789 ιε
80 1729 192 1787 tamen
229 1723 324 1808 plane
361 1723 545 1788 declarabat
575 1722 670 1787 illum
702 1725 777 1786 ante
808 1722 904 1787 ludos
937 1721 1103 1787 Romanos

81 1834 152 1876 esse
175 1815 357 1876 venturum.
403 1809 444 1875 In
467 1833 531 1895 qua
554 1815 697 1875 extrema
720 1809 878 1893 scriptum
902 1813 980 1892 erat,
1002 1814 1040 1875 ut
1063 1811 1104 1874 ad

80 1900 177 1964 ludos
202 1899 311 1964 omnia
333 1905 462 1983 pararet
484 1921 564 1963 neve
587 1898 816 1984 committeret,
837 1902 875 1961 ut
893 1898 1016 1962 frustra
1033 1898 1103 1982 ipse

81 1991 297 2072 properasset.
348 1987 487 2052 Prorsus
525 2010 564 2051 ex
597 1986 649 2051 his
682 1986 803 2051 litteris
835 2006 902 2050 non
933 1986 1105 2051 videbatur

82 2098 152 2141 esse
189 2075 337 2162 dubium,
374 2076 453 2159 quin
485 2078 560 2140 aute
596 2096 666 2139 eam
699 2074 785 2138 diem
818 2077 975 2140 venturus
1009 2079 1104 2157 esset,

40 2191 67 2230 ao
81 2166 225 2248 itemque
257 2162 376 2248 Balbo,
408 2185 482 2228 cum
514 2185 585 2228 eam
618 2162 793 2246 epistulam
824 2161 972 2248 legisset,
1001 2163 1103 2227 videri

81 2253 196 2317 Lamia
219 2252 354 2316 dicebat.

149 2339 228 2404 Dies
250 2340 405 2404 feriarum
427 2339 509 2403 mihi
532 2338 659 2404 additos
683 2340 791 2424 video,
822 2338 878 2402 sed
902 2360 999 2421 quam
1022 2339 1103 2402 mul-

82 2433 145 2513 tos,
168 2429 229 2514 fac,
253 2428 281 2491 si
303 2450 356 2492 me
379 2449 478 2513 amas,
501 2427 609 2492 sciam.
646 2427 696 2491 De
718 2426 841 2491 Baebio
865 2427 988 2510 poteris
1013 2427 1103 2491 etde

82 2518 185 2582 altero
208 2516 314 2580 vicino
338 2516 490 2602 Egnatio.

41 2631 67 2672 25
150 2603 244 2680 Quod
266 2626 317 2668 me
339 2603 491 2689 hortaris,
513 2606 551 2666 ut
574 2623 629 2667 ecs
652 2603 719 2667 dies
739 2624 927 2667 consumam
946 2603 981 2666 in
998 2603 1103 2686 philo·
1122 2622 1138 2670 2

83 2693 198 2776 sophia
222 2693 419 2778 explicanda,
442 2695 625 2755 currentem
649 2696 687 2755 tu
706 2691 849 2775 quidem,
874 2691 930 2755 sed
948 2713 1021 2754 cum
1038 2691 1103 2755 Do·

81 2781 201 2845 labella
223 2781 396 2845 vivendum
420 2801 489 2843 esse
513 2779 587 2843 istis
606 2779 720 2843 diebus
740 2779 837 2843 vides.
876 2777 1033 2854 Quodnisi
1051 2802 1102 2845 me

82 2869 241 2953 Torquati
264 2890 360 2934 causa
382 2871 516 2949 teneret,
540 2867 619 2932 satis
642 2871 712 2930 erat
735 2867 868 2952 dierum,
891 2871 930 2931 ut
947 2866 1102 2931 Puteolos

82 2979 251 3022 excurrere
273 2978 404 3041 possem
427 2961 460 3020 et
483 2956 523 3020 ad
545 2960 674 3038 tempus
693 2955 807 3020 redire.
842 2954 955 3019 Lamia
974 2956 1103 3039 quidem
1122 2974 1138 3022 3

40 3073 68 3112 ao
83 3069 102 3110 a
120 3045 237 3130 Balbe,
260 3044 496 3129 invidebatur,
519 3044 686 3109 audiverat
703 3044 826 3109 multos
845 3064 996 3108 nummos
1016 3043 1103 3106 domi

82 3156 151 3199 esse
178 3137 379 3218 numeratos,
407 3154 489 3216 quos
521 3136 686 3216 oporteret
710 3131 971 3215 quamprimum
994 3129 1103 3214 dividi,

81 3243 237 3307 magnum
270 3222 397 3305 pondus
429 3221 571 3306 argenti3
604 3221 786 3285 auctionem
816 3223 943 3303 praeter
973 3218 1103 3301 praedia

81 3312 187 3395 primo
213 3331 341 3394 quoque
367 3312 512 3392 tempore
535 3308 605 3372 fieri
629 3312 786 3392 oportere.
834 3306 964 3372 Scribas
987 3305 1103 3369 adme

81 3399 193 3486 velim,
212 3398 304 3481 quid
337 3397 400 3461 tibi
433 3397 568 3481 placeat.
613 3389 788 3482 Equidem,
820 3395 848 3458 si
881 3416 920 3458 ex
951 3393 1102 3458 omnibus

39 3513 67 3553 ss
82 3492 168 3554 esset
199 3486 397 3572 eligendum,
431 3505 490 3549 nec
519 3484 758 3568 diligentiorem
787 3503 846 3546 nec
876 3481 1103 3546 officiosiorem
