2560 3880
277 179 536 235 EPISTULARUM
555 181 604 234 AD
623 180 778 236 BRUTUM
795 182 809 235 1
829 187 870 251 14,
891 187 932 235 15.
1049 181 1115 245 539

164 323 270 390 Venio
291 346 377 389 nunc
399 324 498 408 longo
523 345 599 388 sane
621 325 792 389 intervallo
811 325 852 389 ad
870 324 1030 408 quandam
1050 324 1115 408 epi·
1133 345 1150 392 3

98 413 228 498 stulam,
250 435 315 496 qua
337 412 418 476 mihi
440 413 543 477 multa
566 413 712 477 tribuens
731 435 832 477 unum
850 412 1115 497 reprehendebas,

98 501 186 584 quod
212 502 247 564 in
272 501 453 565 honoribus
482 500 687 564 decernendis
712 523 814 566 essem
836 501 955 564 nimius
979 504 1012 564 et
1034 504 1115 564 tam-

98 612 197 672 quam
233 589 398 674 prodigus.
451 588 501 652 Tu
537 589 612 673 hoc;
649 589 731 652 alius
768 590 920 672 fortasse,
957 588 1044 672 quod
1079 589 1114 651 in

68 676 375 744 sammadversione
402 698 568 760 poenaque
598 676 722 759 durior,
749 677 812 741 nisi
834 677 919 741 forte
941 681 1114 759 utrumque

98 769 144 830 tu.
190 764 283 841 Quod
316 765 344 829 si
376 766 423 828 110
455 768 518 850 est,
548 765 719 848 utriusque
749 765 796 829 rei
825 787 933 830 meum
959 765 1114 828 iudicium

99 853 214 916 studeo
237 853 300 917 tibi
323 875 393 917 0000
415 853 622 918 notissimum
646 854 782 936 †neque
804 854 910 917 solum
927 856 965 916 ut
984 851 1113 917 Solonis

98 941 221 1006 dictum
244 963 405 1027 usurpem,
427 941 484 1024 qui
507 945 540 1005 et
563 941 820 1024 sapientissimus
842 942 906 1004 fuit
928 964 967 1006 ex
991 944 1114 1023 septem

100 1033 133 1093 et
157 1030 265 1114 legum
290 1030 428 1112 scriptor
452 1028 540 1092 solus
565 1051 603 1093 ex
627 1034 757 1112 septem.
803 1028 836 1094 Is
859 1028 1113 1112 rempublicam

55 1145 84 1183 ro
99 1116 258 1182 contineri
281 1117 405 1181 duabus
428 1116 524 1181 rebus
548 1117 644 1202 dixit,
674 1117 817 1200 praemio
841 1121 874 1181 et
896 1139 1007 1200 poena.
1052 1115 1114 1180 Est

99 1205 224 1270 scilicet
247 1205 416 1288 utriusque
439 1206 486 1270 rei
508 1205 623 1269 modus
647 1205 730 1269 sicut
753 1205 950 1289 reliquarum
968 1209 1001 1270 et
1019 1226 1113 1287 quae-

99 1294 174 1358 dam
205 1293 240 1357 in
271 1297 410 1376 utroque
440 1313 555 1377 genere
582 1293 794 1357 mediocritas.
841 1292 903 1357 Sed
933 1305 999 1356 non
1022 1295 1113 1356 tanta

99 1382 139 1445 de
166 1403 201 1444 re
233 1382 437 1465 propositum
470 1386 518 1445 est
549 1380 611 1445 hoc
638 1381 709 1444 loco
738 1380 915 1465 disputare,
946 1380 1024 1464 quid
1052 1401 1148 1464 ego4

100 1473 209 1534 autem
241 1472 369 1533 secutus
400 1469 464 1533 hoc
493 1470 580 1533 bello
613 1469 675 1533 sim
702 1469 737 1534 in
765 1470 934 1534 sententiis
962 1469 1114 1554 dicendis,

56 1583 85 1624 15
101 1557 224 1641 aperire
247 1579 312 1621 non
335 1557 476 1621 alienum
498 1560 588 1641 puto.

167 1645 246 1710 Post
282 1645 450 1712 interitum
483 1643 629 1710 Caesaris
666 1648 698 1709 et
734 1648 857 1710 vestras
889 1645 1113 1709 memorabiles

99 1734 177 1798 Idus
205 1733 314 1816 Mart,
340 1733 456 1816 Brute,
484 1733 563 1816 quid
594 1753 654 1817 ego
682 1733 946 1816 praetermissum
974 1755 993 1796 a
1019 1733 1112 1797 vobis

101 1825 318 1906 quantamque
340 1821 523 1904 impendere
546 1821 593 1884 rei
615 1821 762 1904 publicae
785 1824 1011 1903 tempestatem
1029 1820 1114 1884 dixe·

100 1911 178 1994 rim,
207 1931 273 1974 non
301 1931 335 1974 00
363 1909 493 1974 oblitus.
539 1907 658 1993 Magna
685 1909 787 1992 pestis
810 1913 880 1972 0101
902 1908 1035 1991 depulsa
1057 1930 1114 1990 per

58 2025 87 2064 ao
100 2020 170 2082 100,
193 2019 311 2082 magna
333 1998 446 2080 0001111
469 1996 609 2062 Romani
631 1996 757 2060 macula
779 1996 892 2081 deleta,
920 1995 1014 2060 vobis
1037 2018 1112 2061 1010

100 2091 195 2171 00110
222 2087 330 2150 divina
357 2085 474 2170 gloria,
501 2084 557 2150 sed
584 2086 835 2148 instrumentum
857 2085 950 2168 regni
972 2083 1114 2148 delatum

101 2175 142 2239 ad
160 2173 316 2258 Lepidum
338 2177 372 2237 ct
394 2172 587 2257 Antonium,
610 2195 748 2255 quorum
770 2172 851 2236 alter
869 2172 1113 2258 inconstantior,

102 2263 186 2327 alter
207 2262 374 2344 impurior,
395 2265 532 2345 uterque
554 2282 665 2344 pacem
687 2264 842 2342 metucns
865 2259 1014 2324 inimicus
1036 2261 1112 2324 otio.

101 2350 164 2414 His
196 2350 382 2414 ardentibus
413 2349 648 2432 perturbandae
679 2349 727 2412 rei
757 2348 906 2432 publicae
937 2348 1113 2431 cupiditate

57 2465 87 2506 ss
103 2438 190 2522 quod
213 2438 333 2521 opponi
355 2441 466 2520 posset
490 2437 694 2521 praesidium,
716 2458 782 2500 11011
806 2436 1019 2521 habebamus;
1046 2458 1113 2501 ere-

101 2531 193 2590 xerat
225 2526 310 2589 euim
342 2547 377 2589 se
404 2526 518 2590 civitas
545 2522 581 2588 in
607 2524 774 2589 retinenda
800 2524 952 2588 libertate
980 2546 1114 2589 consen-

101 2615 201 2698 tiens,
230 2636 290 2678 nos
323 2618 395 2678 tum
425 2613 522 2678 nimis
550 2635 652 2698 acres,
682 2633 741 2677 100
768 2612 908 2677 tortasse
936 2613 1148 2697 sapientiusc

103 2702 286 2766 excessistis
309 2702 388 2766 urbe
412 2723 457 2787 ea,
481 2723 578 2784 quam
595 2701 787 2787 liberaretis,
809 2699 923 2765 Italiae
942 2722 1001 2766 sua
1019 2701 1112 2765 vobis

103 2789 211 2855 studia
232 2790 399 2872 profitenti
421 2789 602 2854 remisistis.
638 2787 762 2875 Itaque,
785 2811 858 2853 011111
879 2789 982 2853 1011011
1001 2789 1114 2852 urbem

59 2905 89 2946 so
103 2901 123 2942 0
149 2877 316 2961 parricidis
342 2878 482 2942 viderem
510 2898 568 2941 nee
594 2880 628 2940 te
655 2878 690 2940 in
718 2899 755 2942 00
780 2899 839 2941 1100
866 2875 1014 2941 Cassium
1041 2880 1113 2941 tuto

103 2987 174 3030 esse
196 2988 291 3049 posse
314 2987 446 3049 eamque
470 2965 567 3029 armis
591 2986 775 3048 oppressam
798 2965 839 3029 ab
857 2965 1012 3050 Antonio,
1033 2964 1114 3028 mihi

104 3076 232 3138 quoque
264 3055 328 3137 ipsi
358 3075 427 3118 esse
459 3053 672 3118 excedendum
702 3053 828 3137 putavi3
859 3056 1000 3116 taetrum
1029 3052 1115 3116 enim

104 3142 321 3226 spectaculum
346 3163 500 3226 oppressa
522 3142 563 3206 ab
586 3141 694 3224 impiis
718 3141 832 3206 civitas
856 3140 1036 3223 opitulandi
1058 3161 1114 3222 po-

103 3233 223 3294 testate
246 3231 397 3313 praecisa.
436 3229 498 3295 Sed
521 3229 646 3293 animus
671 3228 755 3292 idem
779 3229 835 3312 qui
854 3249 978 3310 semper
996 3227 1115 3291 infixus

61 3344 88 3386 ss
103 3319 138 3381 in
169 3319 293 3401 patriae
325 3318 459 3383 caritate
488 3316 662 3381 discessum
689 3317 729 3380 ab
758 3317 826 3380 eius
854 3314 1003 3398 periculis
1031 3315 1114 3380 ferre

102 3427 169 3470 non
191 3407 307 3489 potuit.
353 3406 467 3491 Itaque
490 3405 525 3469 in
547 3404 653 3468 medio
675 3403 815 3468 Achaico
840 3424 935 3466 cursu
957 3425 1030 3466 eum
1052 3407 1115 3468 ete-

104 3495 224 3558 siarum
252 3495 365 3559 diebus
393 3494 514 3558 Auster
540 3515 591 3556 me
618 3493 652 3556 in
680 3490 808 3556 Italiam
836 3490 929 3573 quasi
951 3490 1116 3556 dissuasor
