2568 3888
495 181 533 236 M.
551 180 659 234 TULLI
678 179 868 236 CICERONIS

654 409 710 474 lX.

379 532 435 588 Sor.
455 531 526 587 Anti
543 532 631 587 aredio
649 549 683 586 m.
703 531 773 600 Apr.
793 505 825 585 as
840 535 893 585 69³
913 533 984 599 (59).

494 653 621 708 CICERO
640 651 773 707 ATTICO
793 652 867 706 SAL.

139 781 154 830 1
243 762 359 829 Subito
373 785 446 827 eum
460 761 542 826 mihi
556 762 691 826 dixisset
705 760 863 826 Caecilius
883 765 1036 845 quaestor
1055 783 1206 846 puerum

175 875 209 918 se
232 851 370 917 Romam
396 851 539 934 mittere,
564 849 644 914 haec
671 851 786 933 scripsi
813 850 947 935 raptim,
974 853 1012 914 ut
1039 853 1124 914 tuos
1151 849 1207 914 eli·
1232 872 1244 911 s

175 962 272 1008 cerem
293 939 447 1003 mirificos
470 959 543 1002 oum
565 937 682 1002 Publio
706 938 852 1022 dialogos
876 959 949 1001 cum
972 959 1038 1023 eos,
1061 937 1107 1002 de
1134 937 1207 1022 qui-
1272 969 1273 974 ¹

174 1030 236 1094 bus
270 1027 398 1112 scribis,
429 1029 500 1090 tum
529 1025 637 1111 illum,
666 1047 761 1110 quem
793 1025 885 1090 abdis
917 1029 950 1090 et
979 1025 1028 1090 ais
1056 1025 1205 1110 longum

176 1138 255 1201 esse,
279 1137 360 1198 quae
379 1115 419 1179 ad
437 1136 474 1179 ea
490 1114 703 1199 responderis,
726 1113 937 1198 perscribere,
960 1113 1086 1198 †illum
1112 1134 1206 1198 vero,

177 1205 233 1288 qui
263 1203 407 1267 nondum
437 1202 569 1266 habitus
597 1206 661 1288 est,
693 1223 789 1286 quem
814 1201 872 1266 illa
899 1205 1039 1284 βοῶπις,
1074 1224 1157 1266 cum
1186 1223 1204 1264 e

176 1292 309 1359 Solonio
332 1291 476 1376 redierit,
506 1290 546 1353 ad
567 1293 601 1354 te
624 1294 674 1355 est
695 1290 845 1354 relatura.
892 1289 945 1355 Sic
966 1289 1066 1355 velim
1090 1293 1204 1374 putes,
1218 1313 1242 1350 ιο

174 1379 259 1444 nihil
285 1379 348 1443 hoc
373 1401 469 1464 posse
496 1378 577 1443 mihi
605 1399 674 1443 esse
701 1378 879 1442 iucundius.
925 1374 961 1441 si
987 1399 1078 1463 vero,
1116 1399 1202 1462 quae

176 1468 215 1532 de
237 1489 288 1532 me
311 1471 405 1551 pacta
428 1471 514 1551 sunt,
536 1488 573 1530 ea
595 1487 662 1530 non
681 1470 860 1552 servantur,
882 1465 1024 1530 incaelo
1049 1488 1139 1551 sum,
1164 1468 1202 1528 ut

177 1557 259 1621 sciat
279 1556 333 1621 hic
355 1560 467 1620 noster
484 1553 779 1638 Hierosolymarius
802 1553 969 1618 traductor
992 1554 1032 1618 ad
1054 1554 1200 1637 plebem,

177 1668 275 1729 quam
293 1645 412 1709 bonam
434 1644 514 1708 meis
537 1642 717 1727 putissimis
742 1642 943 1706 orationibus
966 1642 1110 1726 gratiam
1134 1645 1200 1706 ret-

176 1734 297 1799 tulerit.
325 1731 468 1808 Quarum
482 1735 631 1815 exspecta
643 1730 785 1794 divinam
800 1731 1016 1818 παλινῳδίαν.
1048 1730 1200 1813 Etenim,
1213 1749 1237 1790 ιε

178 1827 335 1905 quantum
350 1821 532 1885 coniectura
549 1840 754 1904 auguramur,
772 1818 799 1883 si
818 1818 880 1882 erit
897 1818 1016 1882 nebulo
1035 1819 1101 1882 iste
1121 1840 1197 1882 cum

176 1910 228 1974 his
253 1910 399 1994 dynastis
420 1909 455 1972 in
478 1907 592 1993 gratia,
614 1928 681 1970 non
703 1906 799 1970 modo
823 1905 861 1970 de
884 1907 995 1989 cynico
1020 1905 1198 1989 consulari,
1274 1953 1275 1974 i

178 1998 295 2061 sedne
319 1997 357 2061 de
379 1997 453 2060 istis
477 1995 606 2080 quidem
632 1995 829 2079 piscinarum
851 1994 1041 2058 Tritonibus
1069 1993 1196 2078 poterit
1274 1975 1275 2036 l

178 2108 212 2149 se
244 2085 371 2149 iactare.
425 2082 502 2148 Non
538 2083 624 2146 enim
655 2083 832 2167 poterimus
865 2082 932 2146 ulla
968 2103 1039 2146 esse
1071 2082 1198 2147 invidia

177 2172 308 2256 spoliati
336 2172 452 2255 opibus
481 2174 513 2236 et
535 2170 593 2235 illa
615 2171 777 2234 senatoria
799 2170 954 2254 potentia.
1002 2169 1061 2235 Sin
1084 2174 1196 2234 autem
1209 2191 1233 2230 n

178 2260 218 2324 ab
242 2260 282 2324 iis
306 2259 484 2345 dissentiet,
506 2259 568 2323 erit
591 2258 766 2323 absurdum
789 2257 824 2322 in
840 2279 900 2322 nos
918 2257 1037 2323 invehi.
1068 2255 1197 2323 Verum

177 2353 287 2412 tamen
308 2347 487 2412 invehatur.
533 2345 675 2432 Festive,
702 2346 910 2431 mihicrede,
940 2348 972 2410 et
994 2345 1120 2410 minore
1146 2367 1196 2410 so-

176 2438 262 2522 nitu,
286 2458 383 2519 quam
405 2439 569 2522 putaram,
593 2435 681 2499 orbis
703 2434 758 2499 hic
780 2435 815 2497 in
837 2457 872 2498 re
894 2434 1024 2517 publica
1047 2437 1096 2498 est
1120 2456 1195 2499 con-

177 2544 289 2589 versua
313 2523 410 2588 citius
433 2524 574 2608 omnin0,
597 2545 692 2607 quarn
716 2522 825 2606 potuit
846 2522 908 2607 †id
930 2522 1025 2606 culpa
1049 2519 1195 2604 Catonis,

179 2613 234 2676 sed
269 2633 381 2676 rursus
418 2611 627 2695 improbitate
663 2611 815 2694 istorum,
851 2610 908 2693 qui
942 2609 1099 2694 auspicia,
1137 2609 1230 2694 quies

177 2700 304 2764 Aeliam
325 2700 439 2785 legem,
463 2699 519 2782 qui
541 2697 669 2763 Iuniam
692 2703 723 2762 et
746 2698 917 2782 Liciniam,
941 2698 997 2780 qui
1020 2695 1194 2762 Caeciliam

178 2792 210 2852 et
233 2787 363 2852 Didiam
389 2787 615 2872 neglexerunt,
643 2787 699 2870 qui
726 2786 834 2851 omnia
855 2786 996 2850 remedia
1017 2785 1066 2850 rei
1088 2786 1194 2870 publi-

178 2898 232 2941 cae
255 2876 446 2959 effuderunt,
469 2875 526 2959 qui
547 2895 648 2958 regna
671 2875 764 2957 quasi
784 2874 914 2959 praedia
931 2872 1115 2960 tetrarchis,
1138 2872 1193 2957 qui

143 2965 333 3028 aimmanes
361 2963 512 3048 pecunias
540 2963 650 3046 paucis
678 2962 840 3026 dedenmt.
890 2961 994 3026 Video
1021 2961 1100 3046 iam,
1129 2982 1191 3045 quo

178 3054 299 3117 invidia
317 3055 460 3116 transeat
478 3054 511 3114 et
528 3049 586 3113 ubi
604 3051 647 3114 sit
664 3049 859 3115 habitatura.
896 3048 989 3114 Nihil
1012 3070 1064 3113 me
1085 3049 1192 3114 existi-
1204 3072 1228 3111 ao

178 3141 277 3205 maris
304 3162 408 3224 neque
434 3161 496 3203 usu
523 3158 627 3221 neque
653 3161 671 3202 a
693 3137 918 3222 Theophrasto
941 3137 1104 3221 didicisse,
1129 3137 1192 3202 nisi

178 3229 270 3294 brevi
297 3232 442 3312 tempore
470 3226 643 3291 desiderari
669 3230 782 3291 nostra
809 3226 866 3290 illa
893 3229 1040 3309 tempora
1065 3226 1191 3290 videris.

179 3317 320 3402 Etenim,
344 3318 371 3380 si
394 3317 458 3380 fuit
478 3315 638 3380 invidiosa
657 3318 785 3378 senatus
803 3314 960 3400 potentia,
982 3335 1111 3378 cumea
1130 3337 1193 3378 non

180 3405 220 3469 ad
238 3406 404 3489 populum,
427 3404 483 3468 sed
502 3403 542 3468 ad
561 3407 626 3466 tres
644 3401 791 3466 homines
814 3402 1043 3467 immoderatos
1066 3402 1192 3467 redacta

181 3494 238 3579 sit,
266 3493 343 3578 quid
366 3493 432 3556 iam
454 3513 563 3557 censes
587 3490 677 3554 fore?
723 3488 861 3554 Proinde
884 3491 942 3554 isti
963 3490 1039 3554 lieet
1065 3489 1192 3576 faciant,
1203 3511 1226 3554 a
