2568 3888
263 156 522 212 EPISTULARUM
541 156 590 210 AD
610 155 774 210 ATTICUM
792 156 805 208 I
826 161 867 225 13,
888 161 928 210 14.
1061 156 1103 219 17

81 299 117 361 de
131 298 223 362 ferro
241 296 345 386 (nosti
357 299 431 363 illas
445 297 641 386 ληκύθους),
663 299 755 364 valde
774 299 915 383 graviter
933 299 1103 382 pertexuit.

80 385 257 452 Proximus
303 387 494 470 Pompeium
541 387 697 452 sedebam.
750 387 900 464 Intellexi
940 387 1104 450 hominem

80 475 216 558 moveri,
242 479 354 540 utrum
377 475 530 540 Crassum
552 476 635 540 inire
654 497 724 540 eam
743 475 892 560 gratiam,
916 497 1012 558 quam
1035 475 1103 557 ipse

80 564 366 648 praetermisisset,
390 585 432 627 an
455 585 524 629 esse
546 568 655 628 tantas
678 585 730 628 res
753 567 897 646 nostras,
930 585 1012 646 quae
1035 566 1104 626 tam

55 651 197 714 alibenti
225 655 341 716 senatu
363 651 579 735 laudarentur,
603 652 643 716 ab
668 673 706 716 eo
725 651 925 735 praesertim,
949 651 1005 734 qui
1023 650 1105 714 mihi

79 738 211 804 laudem
237 740 329 804 illam
351 761 389 804 eo
416 740 524 804 minus
556 741 699 826 deberet,
716 739 813 823 .quod
842 739 923 804 meis
955 738 1104 802 omnibus

79 827 202 892 litteris
228 828 264 892 in
282 827 478 911 Pompeiana
500 829 593 892 laude
616 829 807 912 perstrictus
827 831 919 892 esset.
955 820 1019 890 Hic
1038 826 1140 890 diest

79 937 129 978 me
152 915 253 980 valde
276 915 393 980 Crasso
422 917 583 1001 adiunxit,
613 919 645 980 et
674 920 796 1000 tamen,
826 916 866 980 ab
897 915 955 979 illo
986 917 1105 998 aperte,

80 1007 163 1068 tecte
189 1004 347 1088 quicquid
370 1007 421 1068 est
443 1005 563 1089 datum,
585 1004 724 1068 libenter
747 1004 861 1087 accepi.
903 1003 976 1087 Ego
996 1006 1105 1067 autem

46 1091 157 1175 aipse,
184 1093 221 1155 di
244 1093 336 1157 boni!
361 1114 425 1176 quo
448 1092 543 1157 modo
568 1089 896 1178 ἐνεπερπερευσάμην
913 1113 998 1156 novo
1018 1091 1105 1155 audi-

80 1180 144 1243 tori
167 1179 342 1264 Pompeio!
390 1179 425 1246 Si
447 1203 600 1264 umquam
622 1180 704 1244 mihi
726 1182 892 1265 περίοδοι,
917 1180 946 1243 si
967 1182 1103 1263 καμπαί,

80 1268 107 1330 si
139 1267 380 1353 ἐνθυμήματα,
418 1269 446 1333 si
474 1267 672 1334 κατασκευαὶ
709 1269 1010 1352 suppeditaverunt,
1046 1267 1103 1330 illo

81 1358 240 1439 tempore.
287 1355 371 1431 Quid
399 1357 524 1421 multa?
555 1357 718 1421 clamores.
764 1356 897 1420 Etenim
926 1356 1005 1420 haec
1035 1357 1104 1418 erat

81 1443 263 1528 ὑπόθεσις,
287 1445 326 1508 de
349 1445 509 1529 gravitate
533 1444 668 1528 ordinis,
694 1445 733 1508 de
761 1445 903 1528 equestri
925 1443 1105 1528 concordia,

49 1555 71 1596 11
82 1531 118 1594 de
132 1533 351 1598 consensione
364 1531 486 1618 Italiae,
507 1533 545 1597 de
559 1533 782 1597 intermortuis
797 1532 943 1616 reliquiis
962 1532 1106 1596 coniura-

84 1619 193 1707 tionia,
220 1621 258 1684 de
281 1621 417 1704 vilitate,
440 1620 478 1685 de
503 1621 578 1685 otio,
619 1619 718 1685 Nosti
741 1620 806 1684 iam
829 1620 864 1684 in
886 1620 947 1683 hac
969 1619 1106 1682 materia

84 1708 213 1774 sonitus
235 1712 376 1773 nostros.
413 1708 511 1772 Tanti
528 1709 667 1793 fuerunt,
690 1712 727 1773 ut
750 1729 810 1792 ego
830 1729 867 1772 eo
887 1707 1015 1771 brevior
1034 1707 1105 1789 sim,

86 1797 169 1878 quod
194 1819 252 1861 eos
275 1818 378 1880 usque
400 1797 499 1861 istinc
522 1797 690 1862 exauditos
712 1799 832 1880 putem.

148 1884 446 1962 Romanaeautem
465 1905 499 1948 se
517 1902 574 1949 res
588 1885 635 1949 sic
652 1885 781 1948 habent.
814 1882 952 1948 Senatus
965 1880 1106 1966 ’Ἄρειος
1125 1898 1140 1944 5

54 1973 204 2057 aadyog3
233 1972 319 2036 nihil
342 1973 555 2058 constantius,
581 1973 665 2036 nihil
688 1972 842 2056 severius,
872 1969 956 2034 nihil
978 1969 1105 2033 fortius.

86 2057 179 2147 Nam,
204 2083 278 2124 cum
302 2061 369 2125 dies
392 2062 532 2125 venisset
554 2061 720 2145 rogationi
742 2081 781 2124 ex
803 2063 933 2124 senatus
957 2057 1104 2122 consulto

87 2146 251 2232 ferendae,
285 2149 520 2213 concursabant
553 2149 717 2212 barbatuli
746 2148 892 2231 iuvenes,
925 2150 1016 2210 totus
1051 2145 1106 2209 ille

88 2256 162 2318 grex
189 2235 363 2320 Catilinae,
393 2237 472 2300 duce
501 2237 602 2301 filiola
626 2236 777 2301 Curionis
808 2240 840 2300 et
869 2235 1039 2320 populum,
1068 2237 1105 2298 ut

89 2326 283 2409 antiquaret,
305 2325 473 2409 rogabant.
519 2324 594 2389 Piso
618 2328 726 2388 autem
754 2323 868 2388 consul
901 2323 987 2387 lator
1013 2344 1106 2408 roga-

56 2412 186 2478 ationis
199 2453 200 2456 =
214 2413 301 2477 idem
333 2416 402 2478 erat
430 2413 600 2478 dissuasor.
647 2411 770 2496 Operae
794 2411 967 2476 Clodianae
990 2414 1105 2494 pontes

89 2504 293 2584 occuparant,
316 2501 455 2566 tabellae
477 2501 749 2564 ministrabantur
771 2500 827 2584 ita,
850 2503 888 2563 ut
910 2499 1001 2563 nulla
1020 2499 1105 2562 dare-

89 2591 138 2652 tur
170 2591 249 2664 ‘vrr
275 2589 409 2653 Roans’.
463 2589 527 2652 Hic
556 2589 618 2652 tibi
646 2590 683 2653 ia
716 2593 823 2652 rostra
853 2585 934 2652 Cato
968 2586 1106 2670 advolat,

89 2677 270 2741 convicium
287 2676 399 2742 Pisoni
418 2677 542 2742 consuli
560 2677 732 2741 mirificum
755 2677 843 2760 facit,
867 2676 894 2740 si
913 2674 947 2738 id
965 2677 1015 2738 est
1034 2696 1106 2738 con-

90 2765 217 2851 vicium,
240 2787 304 2829 vox
327 2765 422 2849 plena
445 2765 630 2850 gravitatis,
652 2765 747 2848 plena
771 2763 988 2847 auctoritatis,
1012 2763 1107 2845 plena

58 2852 226 2937 codemque
249 2853 372 2918 salutis.
417 2851 550 2917 Accedit
573 2853 685 2917 eodem
708 2852 806 2916 etiam
834 2856 946 2916 noster
968 2850 1106 2913 Horten-

91 2942 164 3027 sius,
188 2941 286 3005 multi
307 2945 473 3024 praeterea
495 2941 587 3026 boni3
610 2940 748 3025 insignis
762 2962 838 3005 vero
863 2961 960 3023 opera
983 2938 1107 3002 Favoni

91 3029 158 3094 luit.
205 3028 279 3093 Hoc
305 3051 462 3094 concursu
492 3029 698 3112 optimatium
728 3028 860 3092 comitia
888 3027 1108 3111 dimittuntur,

92 3121 220 3182 senatus
243 3122 386 3182 vocatur.
433 3115 515 3181 Cum
546 3118 768 3182 decerneretur
796 3115 960 3199 frequenti
992 3119 1107 3178 senatu

93 3209 203 3270 contra
225 3208 391 3290 pugnante
413 3205 540 3289 Pisone,
564 3206 604 3269 ad
626 3206 722 3289 pedes
747 3204 891 3268 omnium
915 3202 1107 3286 singillatim

60 3315 81 3355 a
93 3294 252 3359 accidente
276 3292 405 3378 Clodio,
437 3297 475 3357 ut
502 3293 648 3358 consules
676 3293 833 3376 populum
861 3291 1107 3356 cohortarentur

93 3383 131 3446 ad
161 3381 366 3467 rogationem
398 3381 629 3465 accipiendam,
665 3381 813 3446 homines
851 3380 891 3443 ad
923 3377 1106 3462 quindecim

94 3467 225 3535 Curioni
243 3469 371 3534 nullum
389 3474 519 3535 senatus
539 3469 723 3534 consultum
741 3467 873 3531 facienti
888 3467 1107 3546 adsenserunt,

144 3583 192 3626 Cle.
206 3585 272 3634 epist.
286 3584 317 3624 11.
930 3573 945 3618 2
