2578 3886
303 121 561 180 nrrsuuuanun
580 127 629 179 An
649 109 813 180 ATTIOUM
833 127 871 180 111
892 133 933 181 19.
1061 129 1124 192 291

175 266 255 353 Nos,
284 268 436 353 quoniam
460 291 612 352 superum
635 291 723 334 mare
747 270 922 352 obsidetur,
946 269 1048 334 infero
1072 293 1126 335 na·
1145 289 1161 336 3

98 357 292 442 rigabimus
317 361 358 441 et,
382 357 410 420 si
432 355 579 421 Puteolis
603 358 665 421 erit
685 356 823 442 difficile,
847 355 1022 422 Crotonem
1041 363 1125 441 pete·

100 467 181 509 mus
208 449 265 509 aut
288 444 428 508 Thurios
457 448 490 508 et
511 444 590 510 boni
614 446 698 509 cives
723 449 867 510 amantes
891 447 1016 529 patriae
1037 469 1125 511 mare

102 533 266 597 infestum
292 531 491 598 habebimus,
537 531 647 597 Aliam
669 533 829 598 rationem
851 533 949 598 huius
973 534 1051 598 beili
1075 555 1126 619 ge-

72 648 86 688 5
104 620 199 685 rendi
218 621 342 684 nullam
361 620 461 684 video
494 619 534 684 in
547 619 733 706 Aegyptum
751 643 812 686 nos
832 621 993 686 abdemus.
1027 621 1126 686 Exer-

105 709 177 774 eitu
204 730 297 794 pares
326 730 395 773 esse
422 730 489 773 non
516 731 702 794 possumus;
735 710 823 792 pasis
852 710 932 774 fides
953 710 1044 774 nulla
1068 714 1125 775 est.

107 795 174 863 Sed
195 798 274 862 haee
297 797 376 861 satis
400 797 566 882 deplorata
589 801 673 861 sunt.
1144 815 1161 862 4

177 885 227 950 Tu
250 885 346 950 velim
368 884 494 949 litteras
515 883 705 970 Cephalioni
728 886 783 950 des
803 885 840 950 da
860 886 1011 950 omnibus
1030 887 1126 950 rebus

108 975 204 1058 actis,
241 973 377 1058 denique
411 973 509 1038 etiam
539 974 577 1038 de
609 974 811 1038 sermonibus
842 973 1026 1060 hominum,
1061 974 1126 1038 nisi

61 1094 92 1132 ιο
108 1062 205 1147 plane
229 1061 468 1127 obmutuerunt.
500 1061 574 1147 Ego
593 1061 659 1126 tuis
678 1062 822 1126 consiliis
840 1084 918 1126 usus
938 1085 1009 1127 sum
1027 1063 1125 1126 maxi-

108 1172 234 1235 meque,
258 1149 344 1234 quod
367 1153 400 1215 et
422 1150 616 1235 gravitatem
638 1149 674 1214 in
697 1171 872 1235 congressu
893 1155 1006 1215 nostro
1026 1151 1126 1236 tenui,

110 1261 209 1324 quam
231 1237 336 1324 debui,
359 1242 400 1321 et,
423 1238 463 1302 ad
486 1239 598 1302 urbem
622 1242 658 1302 ut
681 1261 748 1303 non
771 1239 959 1323 accederem,
982 1259 1126 1322 perseve-

109 1327 187 1391 ravi.
234 1324 327 1402 Quod
349 1329 508 1412 superest,
536 1327 653 1411 scribe,
682 1349 810 1412 quaeso,
834 1349 931 1411 quam
954 1327 1125 1391 accuratis-

110 1417 190 1480 sime
215 1411 295 1504 (iam
318 1416 405 1479 enim
422 1419 565 1479 extrema
583 1412 683 1502 sunt),
708 1416 786 1500 quid
803 1416 936 1499 placeat,
960 1415 1037 1500 quid
1056 1436 1125 1479 oen-

65 1536 94 1576 15
110 1527 195 1588 seas3
228 1503 289 1568 etsi
319 1503 384 1568 iam
411 1503 502 1568 nulla
530 1503 691 1567 dubitatio
720 1507 778 1566 est.
825 1503 959 1588 Tamen,
992 1502 1020 1566 si
1048 1503 1125 1586 quid

109 1594 161 1657 vel
183 1593 294 1676 potius
318 1591 473 1676 quicquid
493 1592 600 1655 veniet
623 1591 659 1655 in
680 1596 830 1675 mentem,
853 1591 974 1655 scribas
997 1590 1101 1654 velim.
