<?xml version="1.0" encoding="UTF-8"?>
<!DOCTYPE html PUBLIC "-//W3C//DTD XHTML 1.0 Transitional//EN"
    "http://www.w3.org/TR/xhtml1/DTD/xhtml1-transitional.dtd">
<html xmlns="http://www.w3.org/1999/xhtml" xml:lang="en" lang="en">
 <head>
  <title>
</title>
<meta http-equiv="Content-Type" content="text/html;charset=utf-8" />
  <meta name='ocr-system' content='tesseract 3.04.00' />
  <meta name='ocr-capabilities' content='ocr_page ocr_carea ocr_par ocr_line ocrx_word'/>
</head>
<body>
  <div class='ocr_page' id='page_1' title='image "./scriptaquaemans00mullgoog_0317.png"; bbox 0 0 2586 3886; ppageno 0'>
   <div class='ocr_carea' id='block_1_1' title="bbox 160 177 852 245">
    <p class='ocr_par' dir='ltr' id='par_1_1' title="bbox 160 131 852 245">
     <span class='ocr_line' id='line_1_1' title="bbox 160 177 852 245; baseline -0.019 0"><span class='ocrx_word' id='word_1_1' title='bbox 160 180 223 245; x_wconf 79' lang='lat'><strong>152</strong></span> <span class='ocrx_word' id='word_1_2' title='bbox 478 177 852 233; x_wconf 69' lang='lat' dir='ltr'><strong>promereamus</strong></span> 
     </span>
    </p>
   </div>
   <div class='ocr_carea' id='block_1_2' title="bbox 1 319 1230 2256">
    <p class='ocr_par' dir='ltr' id='par_1_2' title="bbox 1 319 1230 2256">
     <span class='ocr_line' id='line_1_2' title="bbox 123 319 1179 476; baseline -0.005 0.379"><span class='ocrx_word' id='word_1_3' title='bbox 123 319 1179 476; x_wconf 54' lang='grc' dir='ltr'><strong>911113111311ξὲ1ῐὲ111111ἰῖ1111</strong></span> 
     </span>
     <span class='ocr_line' id='line_1_3' title="bbox 1 433 1178 584; baseline -0.004 -20"><span class='ocrx_word' id='word_1_4' title='bbox 1 487 2 510; x_wconf 64' lang='lat'>³</span> <span class='ocrx_word' id='word_1_5' title='bbox 159 433 319 584; x_wconf 77' lang='lat' dir='ltr'><strong>gentius.g</strong></span> <span class='ocrx_word' id='word_1_6' title='bbox 343 435 530 583; x_wconf 80' lang='lat' dir='ltr'><strong>Deibtarus,</strong></span> <span class='ocrx_word' id='word_1_7' title='bbox 559 499 649 563; x_wconf 90' lang='lat' dir='ltr'><strong>cuius</strong></span> <span class='ocrx_word' id='word_1_8' title='bbox 678 497 807 562; x_wconf 84' lang='lat' dir='ltr'><strong>auxiliis</strong></span> <span class='ocrx_word' id='word_1_9' title='bbox 834 497 961 582; x_wconf 83' lang='lat' dir='ltr'><strong>magnis</strong></span> <span class='ocrx_word' id='word_1_10' title='bbox 988 519 1065 560; x_wconf 90' lang='lat' dir='ltr'><strong>usus</strong></span> <span class='ocrx_word' id='word_1_11' title='bbox 1093 517 1178 581; x_wconf 84' lang='lat' dir='ltr'><strong>sum,</strong></span> 
     </span>
     <span class='ocr_line' id='line_1_4' title="bbox 160 584 1177 673; baseline -0.004 -22"><span class='ocrx_word' id='word_1_12' title='bbox 160 589 201 652; x_wconf 91' lang='lat' dir='ltr'><strong>ad</strong></span> <span class='ocrx_word' id='word_1_13' title='bbox 227 610 293 673; x_wconf 82' lang='lat' dir='ltr'><strong>me,</strong></span> <span class='ocrx_word' id='word_1_14' title='bbox 320 592 357 652; x_wconf 91' lang='lat' dir='ltr'><strong>ut</strong></span> <span class='ocrx_word' id='word_1_15' title='bbox 385 588 527 672; x_wconf 74' lang='lat' dir='ltr'><strong>scripsit,</strong></span> <span class='ocrx_word' id='word_1_16' title='bbox 555 609 628 650; x_wconf 93' lang='lat' dir='ltr'><strong>cum</strong></span> <span class='ocrx_word' id='word_1_17' title='bbox 657 585 865 650; x_wconf 78' lang='lat' dir='ltr'><strong>Ciceronibus</strong></span> <span class='ocrx_word' id='word_1_18' title='bbox 888 584 1078 650; x_wconf 79' lang='lat' dir='ltr'><strong>Laodiceam</strong></span> <span class='ocrx_word' id='word_1_19' title='bbox 1100 605 1177 648; x_wconf 88' lang='lat' dir='ltr'><strong>ven-</strong></span> 
     </span>
     <span class='ocr_line' id='line_1_5' title="bbox 159 673 1230 758; baseline -0.001 -18"><span class='ocrx_word' id='word_1_20' title='bbox 159 679 253 740; x_wconf 89' lang='lat' dir='ltr'><strong>turus</strong></span> <span class='ocrx_word' id='word_1_21' title='bbox 282 679 359 740; x_wconf 91' lang='lat' dir='ltr'><strong>erat.</strong></span> <span class='ocrx_word' id='word_1_22' title='bbox 405 675 491 739; x_wconf 86' lang='lat' dir='ltr'><strong>Tuas</strong></span> <span class='ocrx_word' id='word_1_23' title='bbox 520 675 618 739; x_wconf 88' lang='lat' dir='ltr'><strong>etiam</strong></span> <span class='ocrx_word' id='word_1_24' title='bbox 644 675 829 758; x_wconf 79' lang='lat' dir='ltr'><strong>Epiroticas</strong></span> <span class='ocrx_word' id='word_1_25' title='bbox 859 676 1008 757; x_wconf 88' lang='lat' dir='ltr'><strong>exspecto</strong></span> <span class='ocrx_word' id='word_1_26' title='bbox 1038 673 1176 757; x_wconf 88' lang='lat' dir='ltr'><strong>litteras,</strong></span> <span class='ocrx_word' id='word_1_27' title='bbox 1213 697 1230 739; x_wconf 83' lang='lat'>5</span> 
     </span>
     <span class='ocr_line' id='line_1_6' title="bbox 159 760 1178 848; baseline -0.004 -20"><span class='ocrx_word' id='word_1_28' title='bbox 159 768 197 828; x_wconf 93' lang='lat' dir='ltr'><strong>ut</strong></span> <span class='ocrx_word' id='word_1_29' title='bbox 218 765 355 829; x_wconf 78' lang='lat' dir='ltr'>habeam</span> <span class='ocrx_word' id='word_1_30' title='bbox 377 764 536 828; x_wconf 91' lang='lat' dir='ltr'><strong>rationem</strong></span> <span class='ocrx_word' id='word_1_31' title='bbox 557 784 625 827; x_wconf 90' lang='lat' dir='ltr'><strong>non</strong></span> <span class='ocrx_word' id='word_1_32' title='bbox 651 763 747 826; x_wconf 90' lang='lat' dir='ltr'><strong>modo</strong></span> <span class='ocrx_word' id='word_1_33' title='bbox 773 762 911 848; x_wconf 80' lang='lat' dir='ltr'><strong>negotii,</strong></span> <span class='ocrx_word' id='word_1_34' title='bbox 938 783 1049 826; x_wconf 82' lang='lat' dir='ltr'><strong>verum</strong></span> <span class='ocrx_word' id='word_1_35' title='bbox 1076 760 1178 825; x_wconf 88' lang='lat' dir='ltr'><strong>etiam</strong></span> 
     </span>
     <span class='ocr_line' id='line_1_7' title="bbox 160 848 1177 916; baseline -0.004 0"><span class='ocrx_word' id='word_1_36' title='bbox 160 853 220 916; x_wconf 89' lang='lat' dir='ltr'><strong>otii</strong></span> <span class='ocrx_word' id='word_1_37' title='bbox 252 852 309 916; x_wconf 91' lang='lat' dir='ltr'><strong>tui.</strong></span> <span class='ocrx_word' id='word_1_38' title='bbox 355 849 498 916; x_wconf 81' lang='lat' dir='ltr'><strong>Nicanor</strong></span> <span class='ocrx_word' id='word_1_39' title='bbox 529 852 564 914; x_wconf 92' lang='lat' dir='ltr'><strong>in</strong></span> <span class='ocrx_word' id='word_1_40' title='bbox 597 851 704 915; x_wconf 87' lang='lat' dir='ltr'><strong>officio</strong></span> <span class='ocrx_word' id='word_1_41' title='bbox 737 854 787 914; x_wconf 90' lang='lat' dir='ltr'><strong>est</strong></span> <span class='ocrx_word' id='word_1_42' title='bbox 814 854 847 914; x_wconf 90' lang='lat' dir='ltr'><strong>et</strong></span> <span class='ocrx_word' id='word_1_43' title='bbox 875 872 893 913; x_wconf 99' lang='lat' dir='ltr'><strong>a</strong></span> <span class='ocrx_word' id='word_1_44' title='bbox 919 872 971 914; x_wconf 91' lang='lat' dir='ltr'><strong>me</strong></span> <span class='ocrx_word' id='word_1_45' title='bbox 997 848 1177 914; x_wconf 83' lang='lat' dir='ltr'><strong>liberaliter</strong></span> 
     </span>
     <span class='ocr_line' id='line_1_8' title="bbox 159 936 1177 1024; baseline -0.005 -20"><span class='ocrx_word' id='word_1_46' title='bbox 159 943 327 1004; x_wconf 88' lang='lat' dir='ltr'><strong>tractatur.</strong></span> <span class='ocrx_word' id='word_1_47' title='bbox 374 939 484 1024; x_wconf 81' lang='lat' dir='ltr'><strong>Quem,</strong></span> <span class='ocrx_word' id='word_1_48' title='bbox 505 942 543 1003; x_wconf 91' lang='lat' dir='ltr'><strong>ut</strong></span> <span class='ocrx_word' id='word_1_49' title='bbox 566 944 656 1024; x_wconf 88' lang='lat' dir='ltr'><strong>puto,</strong></span> <span class='ocrx_word' id='word_1_50' title='bbox 678 938 816 1002; x_wconf 86' lang='lat' dir='ltr'><strong>Romam</strong></span> <span class='ocrx_word' id='word_1_51' title='bbox 839 959 912 1002; x_wconf 92' lang='lat' dir='ltr'><strong>cum</strong></span> <span class='ocrx_word' id='word_1_52' title='bbox 929 937 1048 1002; x_wconf 92' lang='lat' dir='ltr'><strong>litteris</strong></span> <span class='ocrx_word' id='word_1_53' title='bbox 1071 936 1177 1020; x_wconf 92' lang='lat' dir='ltr'><strong>publi-</strong></span> 
     </span>
     <span class='ocr_line' id='line_1_9' title="bbox 159 1025 1178 1112; baseline -0.003 -21"><span class='ocrx_word' id='word_1_54' title='bbox 159 1028 204 1092; x_wconf 87' lang='lat' dir='ltr'><strong>cis</strong></span> <span class='ocrx_word' id='word_1_55' title='bbox 227 1029 370 1112; x_wconf 89' lang='lat' dir='ltr'><strong>mittam,</strong></span> <span class='ocrx_word' id='word_1_56' title='bbox 397 1030 435 1091; x_wconf 90' lang='lat' dir='ltr'><strong>ut</strong></span> <span class='ocrx_word' id='word_1_57' title='bbox 458 1031 491 1091; x_wconf 91' lang='lat' dir='ltr'><strong>et</strong></span> <span class='ocrx_word' id='word_1_58' title='bbox 514 1027 939 1112; x_wconf 84' lang='lat' dir='ltr'><strong>diligentiusperferantur,</strong></span> <span class='ocrx_word' id='word_1_59' title='bbox 967 1031 1000 1090; x_wconf 92' lang='lat' dir='ltr'><strong>et</strong></span> <span class='ocrx_word' id='word_1_60' title='bbox 1026 1025 1111 1089; x_wconf 90' lang='lat' dir='ltr'><strong>idem</strong></span> <span class='ocrx_word' id='word_1_61' title='bbox 1134 1025 1178 1088; x_wconf 89' lang='lat' dir='ltr'><strong>ad</strong></span> 
     </span>
     <span class='ocr_line' id='line_1_10' title="bbox 160 1113 1229 1197; baseline 0.002 -18"><span class='ocrx_word' id='word_1_62' title='bbox 160 1138 211 1179; x_wconf 93' lang='lat' dir='ltr'><strong>me</strong></span> <span class='ocrx_word' id='word_1_63' title='bbox 244 1120 331 1180; x_wconf 90' lang='lat' dir='ltr'><strong>certa</strong></span> <span class='ocrx_word' id='word_1_64' title='bbox 362 1115 400 1178; x_wconf 90' lang='lat' dir='ltr'><strong>de</strong></span> <span class='ocrx_word' id='word_1_65' title='bbox 432 1118 465 1179; x_wconf 91' lang='lat' dir='ltr'><strong>te</strong></span> <span class='ocrx_word' id='word_1_66' title='bbox 497 1119 531 1179; x_wconf 91' lang='lat' dir='ltr'><strong>et</strong></span> <span class='ocrx_word' id='word_1_67' title='bbox 563 1139 582 1178; x_wconf 90' lang='lat' dir='ltr'><strong>a</strong></span> <span class='ocrx_word' id='word_1_68' title='bbox 612 1119 645 1179; x_wconf 91' lang='lat' dir='ltr'><strong>te</strong></span> <span class='ocrx_word' id='word_1_69' title='bbox 672 1115 799 1179; x_wconf 87' lang='lat' dir='ltr'><strong>referat.</strong></span> <span class='ocrx_word' id='word_1_70' title='bbox 844 1113 956 1178; x_wconf 83' lang='lat' dir='ltr'><strong>Alexis</strong></span> <span class='ocrx_word' id='word_1_71' title='bbox 981 1114 1066 1197; x_wconf 90' lang='lat' dir='ltr'><strong>quod</strong></span> <span class='ocrx_word' id='word_1_72' title='bbox 1093 1113 1229 1180; x_wconf 79' lang='lat' dir='ltr'><strong>mihim</strong></span> 
     </span>
     <span class='ocr_line' id='line_1_11' title="bbox 159 1201 1176 1289; baseline -0.001 -23"><span class='ocrx_word' id='word_1_73' title='bbox 159 1204 280 1267; x_wconf 91' lang='lat' dir='ltr'><strong>totiens</strong></span> <span class='ocrx_word' id='word_1_74' title='bbox 300 1204 437 1267; x_wconf 87' lang='lat' dir='ltr'><strong>salutem</strong></span> <span class='ocrx_word' id='word_1_75' title='bbox 456 1203 619 1289; x_wconf 74' lang='lat' dir='ltr'><strong>adscribit,</strong></span> <span class='ocrx_word' id='word_1_76' title='bbox 638 1206 688 1266; x_wconf 93' lang='lat' dir='ltr'><strong>est</strong></span> <span class='ocrx_word' id='word_1_77' title='bbox 706 1207 848 1287; x_wconf 73' lang='lat' dir='ltr'><strong>gratum,</strong></span> <span class='ocrx_word' id='word_1_78' title='bbox 873 1203 929 1266; x_wconf 91' lang='lat' dir='ltr'><strong>sed</strong></span> <span class='ocrx_word' id='word_1_79' title='bbox 947 1224 1003 1266; x_wconf 90' lang='lat' dir='ltr'><strong>cur</strong></span> <span class='ocrx_word' id='word_1_80' title='bbox 1021 1223 1087 1266; x_wconf 91' lang='lat' dir='ltr'><strong>non</strong></span> <span class='ocrx_word' id='word_1_81' title='bbox 1106 1201 1176 1265; x_wconf 90' lang='lat' dir='ltr'><strong>suis</strong></span> 
     </span>
     <span class='ocr_line' id='line_1_12' title="bbox 159 1288 1177 1376; baseline -0.002 -22"><span class='ocrx_word' id='word_1_82' title='bbox 159 1292 278 1355; x_wconf 87' lang='lat' dir='ltr'><strong>litteris</strong></span> <span class='ocrx_word' id='word_1_83' title='bbox 297 1292 382 1355; x_wconf 90' lang='lat' dir='ltr'><strong>idem</strong></span> <span class='ocrx_word' id='word_1_84' title='bbox 399 1292 486 1376; x_wconf 85' lang='lat' dir='ltr'><strong>facit,</strong></span> <span class='ocrx_word' id='word_1_85' title='bbox 509 1292 595 1375; x_wconf 90' lang='lat' dir='ltr'><strong>quod</strong></span> <span class='ocrx_word' id='word_1_86' title='bbox 612 1314 702 1355; x_wconf 92' lang='lat' dir='ltr'><strong>meus</strong></span> <span class='ocrx_word' id='word_1_87' title='bbox 721 1292 768 1354; x_wconf 92' lang='lat' dir='ltr'><strong>ad.</strong></span> <span class='ocrx_word' id='word_1_88' title='bbox 779 1295 812 1354; x_wconf 90' lang='lat' dir='ltr'><strong>te</strong></span> <span class='ocrx_word' id='word_1_89' title='bbox 826 1289 938 1354; x_wconf 84' lang='lat' dir='ltr'><strong>Alexis</strong></span> <span class='ocrx_word' id='word_1_90' title='bbox 962 1290 1061 1354; x_wconf 79' lang='lat' dir='ltr'><strong>facit?</strong></span> <span class='ocrx_word' id='word_1_91' title='bbox 1092 1288 1177 1352; x_wconf 88' lang='lat' dir='ltr'><strong>Phe-</strong></span> 
     </span>
     <span class='ocr_line' id='line_1_13' title="bbox 160 1376 1176 1465; baseline -0.002 -23"><span class='ocrx_word' id='word_1_92' title='bbox 160 1379 226 1443; x_wconf 88' lang='lat' dir='ltr'><strong>mio</strong></span> <span class='ocrx_word' id='word_1_93' title='bbox 254 1380 419 1464; x_wconf 89' lang='lat' dir='ltr'><strong>quaeritur</strong></span> <span class='ocrx_word' id='word_1_94' title='bbox 446 1379 551 1465; x_wconf 80' lang='grc' dir='ltr'><strong><em>κέρας.</em></strong></span> <span class='ocrx_word' id='word_1_95' title='bbox 603 1377 665 1444; x_wconf 79' lang='lat' dir='ltr'><strong>Sed</strong></span> <span class='ocrx_word' id='word_1_96' title='bbox 691 1380 770 1443; x_wconf 91' lang='lat' dir='ltr'><strong>haec</strong></span> <span class='ocrx_word' id='word_1_97' title='bbox 801 1379 965 1442; x_wconf 90' lang='lat' dir='ltr'><strong>hactenus.</strong></span> <span class='ocrx_word' id='word_1_98' title='bbox 1012 1376 1109 1461; x_wconf 77' lang='lat' dir='ltr'><strong>Cura,</strong></span> <span class='ocrx_word' id='word_1_99' title='bbox 1136 1381 1176 1440; x_wconf 90' lang='lat' dir='ltr'><strong>nt</strong></span> 
     </span>
     <span class='ocr_line' id='line_1_14' title="bbox 160 1465 1176 1554; baseline -0.004 -22"><span class='ocrx_word' id='word_1_100' title='bbox 160 1468 281 1554; x_wconf 80' lang='lat' dir='ltr'><strong>valeas,</strong></span> <span class='ocrx_word' id='word_1_101' title='bbox 310 1472 343 1531; x_wconf 93' lang='lat' dir='ltr'><strong>et</strong></span> <span class='ocrx_word' id='word_1_102' title='bbox 369 1471 415 1531; x_wconf 82' lang='lat' dir='ltr'><strong>ut</strong></span> <span class='ocrx_word' id='word_1_103' title='bbox 436 1468 548 1554; x_wconf 90' lang='lat' dir='ltr'><strong>sciam,</strong></span> <span class='ocrx_word' id='word_1_104' title='bbox 576 1468 703 1552; x_wconf 91' lang='lat' dir='ltr'><strong>quando</strong></span> <span class='ocrx_word' id='word_1_105' title='bbox 727 1467 849 1552; x_wconf 80' lang='lat' dir='ltr'><strong>cogites</strong></span> <span class='ocrx_word' id='word_1_106' title='bbox 873 1466 1018 1531; x_wconf 85' lang='lat' dir='ltr'><strong>Romam.</strong></span> <span class='ocrx_word' id='word_1_107' title='bbox 1063 1465 1176 1529; x_wconf 89' lang='lat' dir='ltr'><strong>Etiam</strong></span> 
     </span>
     <span class='ocr_line' id='line_1_15' title="bbox 162 1557 1225 1639; baseline 0.001 -20"><span class='ocrx_word' id='word_1_108' title='bbox 162 1559 259 1639; x_wconf 88' lang='lat' dir='ltr'><strong>atque</strong></span> <span class='ocrx_word' id='word_1_109' title='bbox 281 1557 379 1620; x_wconf 92' lang='lat' dir='ltr'><strong>etiam</strong></span> <span class='ocrx_word' id='word_1_110' title='bbox 400 1557 480 1620; x_wconf 80' lang='lat' dir='ltr'><strong>vale.</strong></span> <span class='ocrx_word' id='word_1_111' title='bbox 1192 1578 1225 1620; x_wconf 83' lang='lat'><strong>15</strong></span> 
     </span>
     <span class='ocr_line' id='line_1_16' title="bbox 107 1641 1176 1728; baseline -0.004 -20"><span class='ocrx_word' id='word_1_112' title='bbox 107 1660 141 1708; x_wconf 88' lang='lat'><strong>10</strong></span> <span class='ocrx_word' id='word_1_113' title='bbox 227 1644 297 1708; x_wconf 81' lang='lat' dir='ltr'><strong>Tua</strong></span> <span class='ocrx_word' id='word_1_114' title='bbox 323 1649 461 1728; x_wconf 90' lang='lat' dir='ltr'><strong>tuosque</strong></span> <span class='ocrx_word' id='word_1_115' title='bbox 484 1644 623 1709; x_wconf 83' lang='lat' dir='ltr'><strong>Thermo</strong></span> <span class='ocrx_word' id='word_1_116' title='bbox 652 1646 684 1708; x_wconf 92' lang='lat' dir='ltr'><strong>et</strong></span> <span class='ocrx_word' id='word_1_117' title='bbox 711 1665 862 1727; x_wconf 84' lang='lat' dir='ltr'><strong>praesens</strong></span> <span class='ocrx_word' id='word_1_118' title='bbox 889 1642 1013 1726; x_wconf 79' lang='lat' dir='ltr'><strong>Ephesi</strong></span> <span class='ocrx_word' id='word_1_119' title='bbox 1041 1641 1176 1725; x_wconf 83' lang='lat' dir='ltr'><strong>diligen·</strong></span> 
     </span>
     <span class='ocr_line' id='line_1_17' title="bbox 160 1731 1176 1822; baseline -0.003 -27"><span class='ocrx_word' id='word_1_120' title='bbox 160 1732 286 1796; x_wconf 88' lang='lat' dir='ltr'><strong>tissime</strong></span> <span class='ocrx_word' id='word_1_121' title='bbox 309 1733 564 1822; x_wconf 80' lang='lat' dir='ltr'><strong>commendaram</strong></span> <span class='ocrx_word' id='word_1_122' title='bbox 591 1736 623 1796; x_wconf 93' lang='lat' dir='ltr'><strong>et</strong></span> <span class='ocrx_word' id='word_1_123' title='bbox 650 1753 736 1796; x_wconf 91' lang='lat' dir='ltr'><strong>nunc</strong></span> <span class='ocrx_word' id='word_1_124' title='bbox 764 1753 821 1814; x_wconf 92' lang='lat' dir='ltr'><strong>per</strong></span> <span class='ocrx_word' id='word_1_125' title='bbox 847 1731 974 1794; x_wconf 86' lang='lat' dir='ltr'><strong>litteras</strong></span> <span class='ocrx_word' id='word_1_126' title='bbox 1002 1731 1176 1813; x_wconf 88' lang='lat' dir='ltr'><strong>ipsumque</strong></span> 
     </span>
     <span class='ocr_line' id='line_1_18' title="bbox 160 1817 1176 1904; baseline -0.003 -21"><span class='ocrx_word' id='word_1_127' title='bbox 160 1821 307 1885; x_wconf 88' lang='lat' dir='ltr'><strong>intellexi</strong></span> <span class='ocrx_word' id='word_1_128' title='bbox 330 1842 399 1884; x_wconf 91' lang='lat' dir='ltr'><strong>esse</strong></span> <span class='ocrx_word' id='word_1_129' title='bbox 421 1820 660 1904; x_wconf 87' lang='lat' dir='ltr'><strong>perstudiosum</strong></span> <span class='ocrx_word' id='word_1_130' title='bbox 678 1821 735 1884; x_wconf 90' lang='lat' dir='ltr'><strong>tui.</strong></span> <span class='ocrx_word' id='word_1_131' title='bbox 772 1819 823 1884; x_wconf 80' lang='lat' dir='ltr'><strong>Tu</strong></span> <span class='ocrx_word' id='word_1_132' title='bbox 840 1820 946 1903; x_wconf 88' lang='lat' dir='ltr'><strong>velim,</strong></span> <span class='ocrx_word' id='word_1_133' title='bbox 970 1817 1055 1903; x_wconf 90' lang='lat' dir='ltr'><strong>quod</strong></span> <span class='ocrx_word' id='word_1_134' title='bbox 1078 1821 1176 1881; x_wconf 91' lang='lat' dir='ltr'><strong>antea</strong></span> 
     </span>
     <span class='ocr_line' id='line_1_19' title="bbox 160 1906 1176 1992; baseline -0.004 -20"><span class='ocrx_word' id='word_1_135' title='bbox 160 1908 200 1971; x_wconf 89' lang='lat' dir='ltr'><strong>ad</strong></span> <span class='ocrx_word' id='word_1_136' title='bbox 223 1913 255 1972; x_wconf 93' lang='lat' dir='ltr'><strong>te</strong></span> <span class='ocrx_word' id='word_1_137' title='bbox 280 1909 402 1992; x_wconf 88' lang='lat' dir='ltr'><strong>scripsi,</strong></span> <span class='ocrx_word' id='word_1_138' title='bbox 425 1908 464 1971; x_wconf 93' lang='lat' dir='ltr'><strong>de</strong></span> <span class='ocrx_word' id='word_1_139' title='bbox 482 1908 576 1971; x_wconf 91' lang='lat' dir='ltr'><strong>domo</strong></span> <span class='ocrx_word' id='word_1_140' title='bbox 595 1907 761 1971; x_wconf 91' lang='lat' dir='ltr'><strong>Pammeni</strong></span> <span class='ocrx_word' id='word_1_141' title='bbox 779 1908 834 1971; x_wconf 91' lang='lat' dir='ltr'><strong>des</strong></span> <span class='ocrx_word' id='word_1_142' title='bbox 854 1929 993 1991; x_wconf 84' lang='lat' dir='ltr'><strong>operam,</strong></span> <span class='ocrx_word' id='word_1_143' title='bbox 1015 1910 1062 1992; x_wconf 91' lang='lat' dir='ltr'><strong>ut,</strong></span> <span class='ocrx_word' id='word_1_144' title='bbox 1086 1906 1176 1989; x_wconf 90' lang='lat' dir='ltr'><strong>quod</strong></span> 
     </span>
     <span class='ocr_line' id='line_1_20' title="bbox 159 1994 1225 2080; baseline 0 -21"><span class='ocrx_word' id='word_1_145' title='bbox 159 2000 217 2059; x_wconf 90' lang='lat' dir='ltr'><strong>tuo</strong></span> <span class='ocrx_word' id='word_1_146' title='bbox 235 2018 371 2080; x_wconf 89' lang='lat' dir='ltr'><strong>meoque</strong></span> <span class='ocrx_word' id='word_1_147' title='bbox 388 1996 543 2060; x_wconf 87' lang='lat' dir='ltr'><strong>beneficio</strong></span> <span class='ocrx_word' id='word_1_148' title='bbox 561 2017 641 2078; x_wconf 92' lang='lat' dir='ltr'><strong>puer</strong></span> <span class='ocrx_word' id='word_1_149' title='bbox 658 1995 766 2080; x_wconf 89' lang='lat' dir='ltr'><strong>habet,</strong></span> <span class='ocrx_word' id='word_1_150' title='bbox 784 2017 883 2078; x_wconf 90' lang='lat' dir='ltr'><strong>cures,</strong></span> <span class='ocrx_word' id='word_1_151' title='bbox 905 2016 947 2059; x_wconf 90' lang='lat' dir='ltr'><strong>ne</strong></span> <span class='ocrx_word' id='word_1_152' title='bbox 965 2016 1028 2078; x_wconf 90' lang='lat' dir='ltr'><strong>qua</strong></span> <span class='ocrx_word' id='word_1_153' title='bbox 1046 1994 1175 2058; x_wconf 86' lang='lat' dir='ltr'><strong>ratione</strong></span> <span class='ocrx_word' id='word_1_154' title='bbox 1191 2021 1225 2059; x_wconf 78' lang='lat'><strong>2⁰</strong></span> 
     </span>
     <span class='ocr_line' id='line_1_21' title="bbox 160 2083 1176 2168; baseline 0 -22"><span class='ocrx_word' id='word_1_155' title='bbox 160 2084 366 2148; x_wconf 78' lang='lat' dir='ltr'><strong>convellatur.</strong></span> <span class='ocrx_word' id='word_1_156' title='bbox 403 2083 542 2167; x_wconf 88' lang='lat' dir='ltr'><strong>Utrique</strong></span> <span class='ocrx_word' id='word_1_157' title='bbox 559 2088 708 2147; x_wconf 91' lang='lat' dir='ltr'><strong>nostrum</strong></span> <span class='ocrx_word' id='word_1_158' title='bbox 724 2083 897 2147; x_wconf 88' lang='lat' dir='ltr'><strong>honesturn</strong></span> <span class='ocrx_word' id='word_1_159' title='bbox 916 2083 1080 2168; x_wconf 80' lang='lat' dir='ltr'><strong>existim03</strong></span> <span class='ocrx_word' id='word_1_160' title='bbox 1102 2086 1176 2146; x_wconf 88' lang='lat' dir='ltr'><strong>tum</strong></span> 
     </span>
     <span class='ocr_line' id='line_1_22' title="bbox 159 2171 543 2256; baseline 0.005 -22"><span class='ocrx_word' id='word_1_161' title='bbox 159 2171 240 2234; x_wconf 91' lang='lat' dir='ltr'><strong>mihi</strong></span> <span class='ocrx_word' id='word_1_162' title='bbox 263 2173 324 2235; x_wconf 91' lang='lat' dir='ltr'><strong>erit</strong></span> <span class='ocrx_word' id='word_1_163' title='bbox 347 2175 543 2256; x_wconf 83' lang='lat' dir='ltr'><strong>pergratum.</strong></span> 
     </span>
    </p>
   </div>
   <div class='ocr_carea' id='block_1_3' title="bbox 365 2345 968 2536">
    <p class='ocr_par' dir='ltr' id='par_1_3' title="bbox 365 2345 968 2536">
     <span class='ocr_line' id='line_1_23' title="bbox 617 2345 703 2410; baseline 0 0"><span class='ocrx_word' id='word_1_164' title='bbox 617 2345 703 2410; x_wconf 86' lang='lat' dir='ltr'>XXI.</span> 
     </span>
     <span class='ocr_line' id='line_1_24' title="bbox 365 2467 968 2536; baseline 0 -14"><span class='ocrx_word' id='word_1_165' title='bbox 365 2467 422 2522; x_wconf 78' lang='lat' dir='ltr'><strong>Ser.</strong></span> <span class='ocrx_word' id='word_1_166' title='bbox 441 2468 595 2522; x_wconf 80' lang='lat' dir='ltr'><strong>Laodiceae</strong></span> <span class='ocrx_word' id='word_1_167' title='bbox 613 2467 657 2520; x_wconf 85' lang='lat' dir='ltr'><strong>Id.</strong></span> <span class='ocrx_word' id='word_1_168' title='bbox 677 2467 759 2522; x_wconf 80' lang='lat' dir='ltr'><strong>Febr.</strong></span> <span class='ocrx_word' id='word_1_169' title='bbox 779 2483 804 2522; x_wconf 84' lang='lat' dir='ltr'><strong>a.</strong></span> <span class='ocrx_word' id='word_1_170' title='bbox 825 2471 880 2522; x_wconf 78' lang='lat'><strong>704</strong></span> <span class='ocrx_word' id='word_1_171' title='bbox 899 2470 968 2536; x_wconf 84' lang='lat'><em>(50).</em></span> 
     </span>
    </p>
   </div>
   <div class='ocr_carea' id='block_1_4' title="bbox 481 2589 853 2645">
    <p class='ocr_par' dir='ltr' id='par_1_4' title="bbox 481 2589 853 2645">
     <span class='ocr_line' id='line_1_25' title="bbox 481 2589 853 2645; baseline 0.003 -1"><span class='ocrx_word' id='word_1_172' title='bbox 481 2589 609 2644; x_wconf 83' lang='lat' dir='ltr'>CICERO</span> <span class='ocrx_word' id='word_1_173' title='bbox 628 2589 759 2644; x_wconf 81' lang='lat' dir='ltr'>ATTICO</span> <span class='ocrx_word' id='word_1_174' title='bbox 779 2589 853 2645; x_wconf 85' lang='lat' dir='ltr'>SAL.</span> 
     </span>
    </p>
   </div>
   <div class='ocr_carea' id='block_1_5' title="bbox 124 2697 1221 3576">
    <p class='ocr_par' dir='ltr' id='par_1_5' title="bbox 125 2697 1176 3048">
     <span class='ocr_line' id='line_1_26' title="bbox 125 2697 1176 2783; baseline -0.001 -20"><span class='ocrx_word' id='word_1_175' title='bbox 125 2715 139 2763; x_wconf 92' lang='lat'>1</span> <span class='ocrx_word' id='word_1_176' title='bbox 227 2697 272 2760; x_wconf 84' lang='lat' dir='ltr'><strong>Te</strong></span> <span class='ocrx_word' id='word_1_177' title='bbox 299 2698 334 2760; x_wconf 91' lang='lat' dir='ltr'><strong>in</strong></span> <span class='ocrx_word' id='word_1_178' title='bbox 361 2697 499 2780; x_wconf 79' lang='lat' dir='ltr'><strong>Epirum</strong></span> <span class='ocrx_word' id='word_1_179' title='bbox 527 2699 652 2762; x_wconf 90' lang='lat' dir='ltr'><strong>salvum</strong></span> <span class='ocrx_word' id='word_1_180' title='bbox 679 2699 804 2762; x_wconf 76' lang='lat' dir='ltr'><strong>venisse</strong></span> <span class='ocrx_word' id='word_1_181' title='bbox 832 2701 878 2783; x_wconf 88' lang='lat' dir='ltr'><strong>et,</strong></span> <span class='ocrx_word' id='word_1_182' title='bbox 910 2701 947 2761; x_wconf 92' lang='lat' dir='ltr'><strong>ut</strong></span> <span class='ocrx_word' id='word_1_183' title='bbox 975 2697 1102 2780; x_wconf 77' lang='lat' dir='ltr'><strong>acribia,</strong></span> <span class='ocrx_word' id='word_1_184' title='bbox 1135 2719 1176 2762; x_wconf 89' lang='lat' dir='ltr'><strong>ex</strong></span> 
     </span>
     <span class='ocr_line' id='line_1_27' title="bbox 162 2785 1176 2871; baseline 0.002 -22"><span class='ocrx_word' id='word_1_185' title='bbox 162 2785 323 2849; x_wconf 90' lang='lat' dir='ltr'><strong>sententia</strong></span> <span class='ocrx_word' id='word_1_186' title='bbox 335 2787 505 2870; x_wconf 85' lang='lat' dir='ltr'><strong>navigasse</strong></span> <span class='ocrx_word' id='word_1_187' title='bbox 519 2787 723 2850; x_wconf 83' lang='lat' dir='ltr'><strong>vehementer</strong></span> <span class='ocrx_word' id='word_1_188' title='bbox 737 2786 871 2871; x_wconf 84' lang='lat' dir='ltr'><strong>gaudeo,</strong></span> <span class='ocrx_word' id='word_1_189' title='bbox 887 2806 955 2850; x_wconf 90' lang='lat' dir='ltr'><strong>non</strong></span> <span class='ocrx_word' id='word_1_190' title='bbox 969 2808 1038 2851; x_wconf 90' lang='lat' dir='ltr'><strong>esse</strong></span> <span class='ocrx_word' id='word_1_191' title='bbox 1051 2785 1176 2851; x_wconf 87' lang='lat' dir='ltr'><strong>Romae</strong></span> 
     </span>
     <span class='ocr_line' id='line_1_28' title="bbox 160 2873 1175 2957; baseline 0.003 -21"><span class='ocrx_word' id='word_1_192' title='bbox 160 2895 231 2937; x_wconf 92' lang='lat' dir='ltr'><strong>meo</strong></span> <span class='ocrx_word' id='word_1_193' title='bbox 255 2877 399 2957; x_wconf 90' lang='lat' dir='ltr'><strong>tempore</strong></span> <span class='ocrx_word' id='word_1_194' title='bbox 421 2875 658 2957; x_wconf 90' lang='lat' dir='ltr'><strong>pernecessario</strong></span> <span class='ocrx_word' id='word_1_195' title='bbox 687 2875 883 2939; x_wconf 88' lang='lat' dir='ltr'><strong>submoleste</strong></span> <span class='ocrx_word' id='word_1_196' title='bbox 906 2874 983 2938; x_wconf 88' lang='lat' dir='ltr'><strong>fero.</strong></span> <span class='ocrx_word' id='word_1_197' title='bbox 1028 2873 1100 2938; x_wconf 91' lang='lat' dir='ltr'><strong>Hoc</strong></span> <span class='ocrx_word' id='word_1_198' title='bbox 1122 2896 1175 2939; x_wconf 91' lang='lat' dir='ltr'><strong>me</strong></span> 
     </span>
     <span class='ocr_line' id='line_1_29' title="bbox 160 2961 1176 3048; baseline 0.001 -24"><span class='ocrx_word' id='word_1_199' title='bbox 160 2966 269 3025; x_wconf 94' lang='lat' dir='ltr'><strong>tamen</strong></span> <span class='ocrx_word' id='word_1_200' title='bbox 291 2962 440 3026; x_wconf 88' lang='lat' dir='ltr'><strong>consolor</strong></span> <span class='ocrx_word' id='word_1_201' title='bbox 470 2983 550 3048; x_wconf 91' lang='lat' dir='ltr'><strong>uno,</strong></span> <span class='ocrx_word' id='word_1_202' title='bbox 579 2984 672 3046; x_wconf 91' lang='lat' dir='ltr'><strong>spero</strong></span> <span class='ocrx_word' id='word_1_203' title='bbox 703 2965 736 3027; x_wconf 89' lang='lat' dir='ltr'><strong>te</strong></span> <span class='ocrx_word' id='word_1_204' title='bbox 764 2962 839 3027; x_wconf 91' lang='lat' dir='ltr'><strong>istic</strong></span> <span class='ocrx_word' id='word_1_205' title='bbox 867 2961 1003 3026; x_wconf 90' lang='lat' dir='ltr'><strong>iucunde</strong></span> <span class='ocrx_word' id='word_1_206' title='bbox 1032 2962 1176 3026; x_wconf 89' lang='lat' dir='ltr'><strong>hiemare</strong></span> 
     </span>
    </p>

    <p class='ocr_par' dir='ltr' id='par_1_6' title="bbox 124 3048 1221 3576">
     <span class='ocr_line' id='line_1_30' title="bbox 124 3048 1220 3137; baseline 0.002 -23"><span class='ocrx_word' id='word_1_207' title='bbox 124 3052 193 3114; x_wconf 74' lang='lat' dir='ltr'><strong>aet</strong></span> <span class='ocrx_word' id='word_1_208' title='bbox 223 3049 362 3115; x_wconf 87' lang='lat' dir='ltr'><strong>libenter</strong></span> <span class='ocrx_word' id='word_1_209' title='bbox 393 3049 599 3133; x_wconf 89' lang='lat' dir='ltr'><strong>requiescere.</strong></span> <span class='ocrx_word' id='word_1_210' title='bbox 648 3049 679 3116; x_wconf 80' lang='grc' dir='ltr'><strong>Ο.</strong></span> <span class='ocrx_word' id='word_1_211' title='bbox 704 3049 848 3133; x_wconf 81' lang='lat' dir='ltr'><strong>Cassius,</strong></span> <span class='ocrx_word' id='word_1_212' title='bbox 877 3050 978 3114; x_wconf 83' lang='lat' dir='ltr'><strong>frater</strong></span> <span class='ocrx_word' id='word_1_213' title='bbox 1008 3050 1042 3125; x_wconf 81' lang='lat' dir='ltr'><strong>Q.</strong></span> <span class='ocrx_word' id='word_1_214' title='bbox 1072 3048 1175 3137; x_wconf 77' lang='lat' dir='ltr'><strong>Cassi,</strong></span> <span class='ocrx_word' id='word_1_215' title='bbox 1189 3077 1220 3116; x_wconf 85' lang='lat' dir='ltr'><strong>ao</strong></span> 
     </span>
     <span class='ocr_line' id='line_1_31' title="bbox 160 3137 1175 3222; baseline 0.001 -21"><span class='ocrx_word' id='word_1_216' title='bbox 160 3137 329 3201; x_wconf 88' lang='lat' dir='ltr'><strong>familiaris</strong></span> <span class='ocrx_word' id='word_1_217' title='bbox 361 3138 424 3222; x_wconf 88' lang='lat' dir='ltr'><strong>tui,</strong></span> <span class='ocrx_word' id='word_1_218' title='bbox 456 3138 662 3221; x_wconf 88' lang='lat' dir='ltr'><strong>pudentiores</strong></span> <span class='ocrx_word' id='word_1_219' title='bbox 692 3139 765 3202; x_wconf 90' lang='lat' dir='ltr'><strong>illas</strong></span> <span class='ocrx_word' id='word_1_220' title='bbox 795 3139 922 3202; x_wconf 90' lang='lat' dir='ltr'><strong>litteras</strong></span> <span class='ocrx_word' id='word_1_221' title='bbox 957 3139 1103 3222; x_wconf 88' lang='lat' dir='ltr'><strong>miserat,</strong></span> <span class='ocrx_word' id='word_1_222' title='bbox 1136 3139 1175 3202; x_wconf 90' lang='lat' dir='ltr'><strong>de</strong></span> 
     </span>
     <span class='ocr_line' id='line_1_32' title="bbox 160 3226 1176 3312; baseline 0.001 -23"><span class='ocrx_word' id='word_1_223' title='bbox 160 3226 278 3310; x_wconf 88' lang='lat' dir='ltr'><strong>quibus</strong></span> <span class='ocrx_word' id='word_1_224' title='bbox 302 3229 340 3289; x_wconf 88' lang='lat' dir='ltr'><strong>tu</strong></span> <span class='ocrx_word' id='word_1_225' title='bbox 362 3248 401 3289; x_wconf 91' lang='lat' dir='ltr'><strong>ex</strong></span> <span class='ocrx_word' id='word_1_226' title='bbox 424 3248 476 3290; x_wconf 90' lang='lat' dir='ltr'><strong>me</strong></span> <span class='ocrx_word' id='word_1_227' title='bbox 503 3226 653 3311; x_wconf 89' lang='lat' dir='ltr'><strong>requiris,</strong></span> <span class='ocrx_word' id='word_1_228' title='bbox 684 3227 761 3309; x_wconf 92' lang='lat' dir='ltr'><strong>quid</strong></span> <span class='ocrx_word' id='word_1_229' title='bbox 789 3226 852 3290; x_wconf 91' lang='lat' dir='ltr'><strong>sibi</strong></span> <span class='ocrx_word' id='word_1_230' title='bbox 874 3227 1050 3312; x_wconf 88' lang='lat' dir='ltr'><strong>voluerint,</strong></span> <span class='ocrx_word' id='word_1_231' title='bbox 1077 3248 1176 3310; x_wconf 92' lang='lat' dir='ltr'><strong>quam</strong></span> 
     </span>
     <span class='ocr_line' id='line_1_33' title="bbox 160 3314 1176 3399; baseline 0.001 -21"><span class='ocrx_word' id='word_1_232' title='bbox 160 3336 227 3399; x_wconf 90' lang='lat' dir='ltr'><strong>eas,</strong></span> <span class='ocrx_word' id='word_1_233' title='bbox 255 3336 335 3398; x_wconf 90' lang='lat' dir='ltr'><strong>quas</strong></span> <span class='ocrx_word' id='word_1_234' title='bbox 366 3318 479 3396; x_wconf 90' lang='lat' dir='ltr'><strong>postea</strong></span> <span class='ocrx_word' id='word_1_235' title='bbox 505 3314 608 3398; x_wconf 89' lang='lat' dir='ltr'><strong>misit,</strong></span> <span class='ocrx_word' id='word_1_236' title='bbox 637 3315 755 3396; x_wconf 90' lang='lat' dir='ltr'><strong>quibus</strong></span> <span class='ocrx_word' id='word_1_237' title='bbox 778 3336 836 3397; x_wconf 91' lang='lat' dir='ltr'><strong>per</strong></span> <span class='ocrx_word' id='word_1_238' title='bbox 859 3335 892 3378; x_wconf 90' lang='lat' dir='ltr'><strong>se</strong></span> <span class='ocrx_word' id='word_1_239' title='bbox 916 3314 1029 3378; x_wconf 90' lang='lat' dir='ltr'><strong>scribit</strong></span> <span class='ocrx_word' id='word_1_240' title='bbox 1052 3314 1176 3379; x_wconf 87' lang='lat' dir='ltr'><strong>confec-</strong></span> 
     </span>
     <span class='ocr_line' id='line_1_34' title="bbox 159 3401 1176 3485; baseline 0.002 -19"><span class='ocrx_word' id='word_1_241' title='bbox 159 3406 231 3468; x_wconf 90' lang='lat' dir='ltr'><strong>tum</strong></span> <span class='ocrx_word' id='word_1_242' title='bbox 253 3424 323 3467; x_wconf 90' lang='lat' dir='ltr'><strong>esse</strong></span> <span class='ocrx_word' id='word_1_243' title='bbox 344 3401 531 3466; x_wconf 88' lang='lat' dir='ltr'><strong>Parthicum</strong></span> <span class='ocrx_word' id='word_1_244' title='bbox 554 3401 683 3466; x_wconf 90' lang='lat' dir='ltr'><strong>bellum.</strong></span> <span class='ocrx_word' id='word_1_245' title='bbox 728 3401 939 3466; x_wconf 84' lang='lat' dir='ltr'><strong>Recesserant</strong></span> <span class='ocrx_word' id='word_1_246' title='bbox 967 3402 1017 3466; x_wconf 86' lang='lat' dir='ltr'><strong>illi</strong></span> <span class='ocrx_word' id='word_1_247' title='bbox 1044 3402 1176 3485; x_wconf 90' lang='lat' dir='ltr'><strong>quidem</strong></span> 
     </span>
     <span class='ocr_line' id='line_1_35' title="bbox 159 3489 1221 3576; baseline 0.004 -22"><span class='ocrx_word' id='word_1_248' title='bbox 159 3491 200 3554; x_wconf 90' lang='lat' dir='ltr'><strong>ab</strong></span> <span class='ocrx_word' id='word_1_249' title='bbox 220 3490 395 3556; x_wconf 87' lang='lat' dir='ltr'><strong>Antiochia</strong></span> <span class='ocrx_word' id='word_1_250' title='bbox 418 3496 492 3555; x_wconf 90' lang='lat' dir='ltr'><strong>ante</strong></span> <span class='ocrx_word' id='word_1_251' title='bbox 515 3491 625 3554; x_wconf 89' lang='lat' dir='ltr'><strong>Bibuli</strong></span> <span class='ocrx_word' id='word_1_252' title='bbox 649 3489 835 3576; x_wconf 85' lang='lat' dir='ltr'><strong>adventum,</strong></span> <span class='ocrx_word' id='word_1_253' title='bbox 865 3491 920 3554; x_wconf 90' lang='lat' dir='ltr'><strong>sed</strong></span> <span class='ocrx_word' id='word_1_254' title='bbox 946 3490 1037 3554; x_wconf 92' lang='lat' dir='ltr'><strong>nullo</strong></span> <span class='ocrx_word' id='word_1_255' title='bbox 1059 3495 1175 3556; x_wconf 90' lang='lat' dir='ltr'><strong>nostro</strong></span> <span class='ocrx_word' id='word_1_256' title='bbox 1190 3517 1221 3559; x_wconf 77' lang='lat' dir='ltr'><strong>ss</strong></span> 
     </span>
    </p>
   </div>
   <div class='ocr_carea' id='block_1_6' title="bbox 1191 2637 1223 2678">
    <p class='ocr_par' dir='ltr' id='par_1_7' title="bbox 1191 2637 1223 2678">
     <span class='ocr_line' id='line_1_36' title="bbox 1191 2637 1223 2678; baseline 0.063 -2"><span class='ocrx_word' id='word_1_257' title='bbox 1191 2637 1223 2678; x_wconf 80' lang='lat'><strong>25</strong></span> 
     </span>
    </p>
   </div>
   <div class='ocr_carea' id='block_1_7' title="bbox 0 0 1298 3886">
    <p class='ocr_par' dir='ltr' id='par_1_8' title="bbox 0 0 1298 3886">
     <span class='ocr_line' id='line_1_37' title="bbox 0 0 1298 3886; baseline 0 0"><span class='ocrx_word' id='word_1_258' title='bbox 0 0 1298 3886; x_wconf 95' lang='lat' dir='ltr'><strong> </strong></span> 
     </span>
    </p>
   </div>
  </div>
 </body>
</html>
