2586 3886
275 169 533 225 EPISTULARUM
551 171 600 224 AD
618 169 781 225 ATTIOUM
798 171 838 225 VI
856 177 881 242 3,
900 178 925 226 4.
1043 173 1105 237 177

85 312 191 377 Hunc
215 333 275 397 ego
299 313 401 396 patris
426 335 521 377 eausa
543 313 655 378 vocavi
678 313 717 377 ed
745 335 867 398 cenam,
891 336 954 398 quo
979 314 1029 378 die
1055 337 1108 380 ve

85 402 154 486 nit,
186 404 219 465 et
246 401 389 465 eiusdem
416 401 517 485 patris
546 423 641 465 causa
667 400 751 465 nihil
777 401 924 485 amplius.
969 401 1002 466 Is
1025 403 1107 466 mihi

86 489 176 552 dixit
200 509 235 553 se
252 488 390 558 Athenis
413 512 464 554 me
488 494 752 575 exspectaturum,
776 494 813 554 ut
834 511 958 555 mecum
982 490 1106 555 decede

86 581 148 640 ret.
199 575 336 664 ‘Recte',
365 577 509 662 inquam3
542 578 618 662 quid
648 577 733 641 enim
762 578 920 642 dicerem?
965 577 1105 644 Omnino

62 669 173 748 sputo
196 664 281 730 nihil
304 686 381 752 esse,
404 665 490 749 quod
513 664 606 752 dixit3
629 666 705 730 nolo
730 665 865 752 quidem,
887 687 928 730 ne
948 666 1105 731 offendam

87 757 233 837 patrem,
263 775 358 836 quem
386 753 567 818 mehercule
597 754 737 818 multum
767 753 875 839 diligo.
921 752 980 819 Sin
1007 754 1106 820 fuerit

87 861 183 905 meus
207 862 328 927 comes,
356 842 546 906 moderabor
572 841 632 927 ita,
661 864 701 906 ne
733 842 810 926 quid
842 864 914 906 eum
939 842 1106 930 offendam,

89 951 191 1012 quem
214 929 345 993 minime
368 929 451 994 volo.

158 1015 249 1080 Haec
272 1021 361 1104 sunt,
383 1017 481 1082 etiam
503 1017 593 1081 illud.
627 1015 812 1081 Orationem
831 1016 866 1093 Q.
886 1015 1006 1082 Celeris
1024 1017 1105 1082 mihi
1125 1034 1158 1082 10

50 1129 75 1167 ιο
88 1104 189 1170 velim
208 1104 318 1169 mittas
337 1110 449 1169 eontra
462 1105 505 1169 M.
521 1104 700 1170 Servilium,
736 1104 877 1171 Litteras
895 1107 989 1171 mitte
1009 1128 1104 1189 quam

88 1193 246 1277 primum,
270 1193 299 1258 si
319 1193 412 1278 nihil,
434 1194 515 1258 atto
532 1193 603 1258 fieri
624 1193 676 1257 vel
697 1213 755 1276 per
776 1197 870 1258 tuum
892 1193 1104 1260 tabellarium.

87 1281 193 1345 Piliae
217 1284 250 1345 et
271 1281 357 1345 filiae
380 1281 524 1346 salutem.
571 1278 665 1367 Oura,
687 1284 724 1344 ut
746 1281 861 1346 valeas.

572 1454 629 1522 IV.

204 1574 261 1631 Sor.
280 1577 312 1630 ia
329 1576 426 1632 itincre
440 1577 529 1646 poulo
543 1583 607 1646 post
624 1576 698 1631 Noa.
717 1577 782 1629 Ima.
803 1591 828 1630 a.
849 1579 904 1631 704
923 1578 992 1644 (50).

51 1708 74 1749 15
413 1697 540 1753 CICERO
558 1698 690 1753 ATTICO
710 1697 784 1753 SAL.

158 1805 297 1870 Tarsum
313 1807 465 1871 uenimus
483 1805 588 1871 Nonis
611 1804 722 1871 Iuniis.
766 1804 819 1872 Ibi
841 1828 892 1872 me
912 1805 1016 1870 multa
1037 1825 1104 1870 mo·
1124 1822 1139 1870 1

88 1896 223 1979 verunt,
252 1914 406 1978 magnum
434 1893 469 1959 in
497 1891 592 1978 Syria
618 1895 752 1979 bellum,
779 1915 896 1979 magna
927 1894 963 1958 in
993 1890 1105 1957 Cilicia
1189 1964 1190 1967 Ἴ

88 1981 272 2066 latrocinia,
289 1982 370 2046 mihi
389 1982 529 2046 difficilis
548 1983 632 2046 ratio
652 1983 906 2068 administrandi,
925 1981 1011 2066 quod
1029 2003 1105 2064 pau-

90 2091 147 2134 cos
170 2069 238 2132 dies
261 2069 420 2134 habebam
441 2071 583 2155 reliquos
602 2071 701 2135 annui
718 2071 870 2156 muneris,
892 2070 974 2134 illud
997 2072 1106 2134 autem

53 2185 78 2223 20
91 2157 333 2244 difficillimum,
364 2158 591 2242 relinquendus
622 2163 690 2224 erat
723 2180 760 2223 ex
791 2162 920 2224 senatus
948 2158 1104 2244 consulto,

93 2245 151 2330 qui
164 2250 334 2328 praeesset.
367 2245 459 2310 Nihil
476 2246 583 2311 minus
602 2247 733 2330 probari
751 2250 879 2330 poterat
896 2267 992 2331 quam
1011 2267 1105 2329 quae-

93 2337 164 2398 stor
182 2333 363 2398 Mescinius.
396 2333 481 2398 Nam
499 2335 538 2399 de
552 2332 660 2400 Caelio
679 2335 762 2398 nihil
776 2334 990 2399 audiebamus.
1026 2333 1105 2398 Rec-

93 2421 259 2485 tissimum
286 2420 455 2486 videbatur
483 2422 617 2487 fratrem
646 2444 718 2487 cum
747 2422 883 2506 imperio
911 2422 1105 2507 relinquere3

94 2509 132 2573 in
160 2530 225 2593 quo
255 2510 359 2573 multa
389 2510 539 2596 molesta,
570 2511 728 2575 discessus
757 2514 882 2595 noster,
913 2510 992 2575 belli
1023 2509 1104 2593 peri-

56 2596 213 2683 asculum,
234 2596 377 2661 militum
394 2597 595 2685 improbitas,
620 2601 764 2663 sescenta
781 2601 953 2682 praeterea.
991 2596 1018 2661 0
1037 2619 1105 2661 rem

95 2689 200 2750 totam
231 2685 387 2750 odiosam!
434 2684 496 2750 Sed
524 2686 603 2750 haec
631 2686 762 2750 fortuna
790 2687 922 2773 viderit,
953 2685 1106 2770 quoniam

96 2773 231 2838 consilio
254 2794 322 2837 non
343 2774 483 2838 multum
505 2775 555 2838 uti
576 2774 659 2838 lieet.

160 2861 220 2946 Tu,
243 2860 370 2945 quando
387 2860 527 2927 Romam
550 2862 667 2947 salvus,
689 2866 726 2926 ut
745 2883 849 2947 spero,
871 2861 998 2946 venisti,
1020 2860 1140 2924 vide-2

96 2949 147 3013 bis
154 3000 163 3034 ,
185 2952 223 3012 ut
247 2949 344 3034 soles,
368 2950 489 3037 omnia,
511 2972 592 3033 quae
615 2951 784 3035 intelleges
806 2953 919 3014 nostra
940 2949 1106 3034 interesse,

57 3064 83 3104 so
96 3036 253 3120 imprimis
271 3037 310 3101 de
328 3037 434 3103 Tullia
452 3059 531 3123 mea,
555 3038 645 3102 cuius
664 3039 702 3102 de
720 3038 906 3103 condicione
925 3036 1002 3120 quid
1024 3035 1105 3100 mihi

96 3125 247 3210 placeret,
279 3125 393 3209 scripsi
425 3126 465 3190 ad
496 3125 692 3211 Terentiam,
727 3148 800 3192 cum
837 3130 875 3190 tu
905 3125 941 3188 in
973 3123 1105 3189 Graecia

97 3233 195 3298 esses3
217 3213 330 3277 deinde
353 3215 391 3277 de
413 3214 536 3278 honore
562 3218 684 3278 nostro
731 3213 823 3290 Quod
850 3213 935 3277 enirn
962 3216 1000 3276 tu
1027 3211 1105 3275 afui·

97 3299 148 3384 sti,
169 3322 295 3386 vereor,
317 3306 356 3365 ut
379 3303 458 3366 satis
482 3302 652 3387 diligenter
676 3305 783 3366 aetum
805 3301 840 3365 in
863 3304 977 3365 senatu
1000 3300 1044 3364 sit
1066 3299 1105 3362 de

96 3388 212 3453 litteris
235 3389 324 3455 meis.

60 3501 84 3542 as
160 3475 246 3540 Illud
277 3482 442 3561 praeterea
473 3480 718 3563 μυστικώτερον
751 3476 791 3542 ad
822 3479 855 3540 te
885 3475 1037 3558 scribam,
1067 3477 1139 3536 tua

148 3589 195 3632 dic.
209 3590 274 3640 epist.
288 3591 319 3632 IL
911 3582 943 3628 12
