2564 3880
250 177 510 232 EPISTULARUM
529 179 578 233 AD
598 179 763 234 ATTICUM
781 179 846 234 XIV
867 186 908 250 13,
930 187 971 234 14.
1050 181 1121 259 449

97 321 304 386 Liberalibus
329 323 401 405 quis
425 323 533 405 potuit
556 323 592 386 in
616 327 763 387 senatum
791 345 858 387 non
881 323 1012 387 venire?
1057 321 1122 388 Fac

97 411 131 474 id
155 411 303 494 potuisse
326 410 436 494 aliquo
458 410 568 495 modo3
592 433 671 475 num
690 412 797 496 etiam,
820 433 893 475 cum
911 412 1122 496 venissemus,

96 499 199 562 libere
218 498 385 582 potuimus
405 499 599 562 sententiam
618 499 743 564 dicere?
762 521 868 564 norme
887 500 977 563 omni
995 499 1121 564 ratione

96 587 252 669 veterani,
276 586 332 670 qui
360 587 477 650 armati
504 587 651 672 aderant,
680 609 751 652 cum
779 588 931 671 praesidii
954 609 1014 651 nos
1038 588 1121 651 nihil

62 675 301 759 shaberemur,
319 675 507 738 defendendi
525 676 678 740 fuerunt?
720 676 816 740 Illam
834 676 1009 741 sessionem
1029 674 1119 758 Capi-

98 763 236 827 tolinam
258 763 340 825 mihi
368 784 435 827 non
457 763 617 847 placuisse
644 767 682 827 tu
704 765 799 828 testis
824 785 865 828 es.
913 763 997 840 Quid
1020 765 1120 848 ergo?

97 851 163 915 ista
195 850 290 934 culpa
317 850 516 915 Brutorum?
564 851 698 932 Minime
729 853 862 917 illorum
890 851 1033 937 quidem,
1065 852 1121 916 sed

98 939 237 1004 aliorum
260 939 446 1026 brutorum,
474 939 530 1022 qui
554 961 587 1004 se
611 944 722 1004 cautos
745 963 783 1005 ao
805 941 967 1024 sapientes
990 943 1120 1024 putant3

98 1029 218 1111 quibus
246 1027 326 1091 satis
353 1027 417 1091 fuit
443 1028 572 1113 laetari,
600 1049 667 1092 non
693 1028 793 1092 nullis
823 1029 920 1093 etiam
953 1028 1120 1113 gratulari,

47 1143 81 1180 ιο
97 1116 196 1179 nullis
234 1137 427 1199 permanere.
488 1113 551 1179 Sed
586 1117 761 1200 praeterita
798 1118 1001 1201 omittamus3
1038 1117 1156 1180 istos3

97 1205 188 1268 omni
211 1225 288 1268 cura
310 1203 536 1287 praesidioque
560 1208 708 1268 tueamur
732 1208 778 1289 et,
806 1227 902 1288 quem
926 1205 966 1268 ad
988 1206 1121 1269 modum

97 1297 134 1356 tu
148 1293 318 1378 praecipis,
332 1292 477 1356 contenti
490 1291 602 1356 Idibus
617 1292 746 1356 Martiis
762 1293 877 1378 simne,
891 1314 973 1376 quae
992 1294 1121 1376 quidem

95 1381 220 1444 nostris
245 1380 356 1445 amicis
376 1380 494 1443 divinis
513 1381 593 1444 viris
613 1381 736 1444 aditum
755 1381 795 1444 ad
814 1381 937 1444 caelum
957 1380 1121 1466 dederunt,

95 1470 284 1533 libertatem
311 1467 432 1552 populo
461 1467 607 1532 Romano
636 1490 702 1532 non
731 1468 894 1533 dederunt.
940 1467 1121 1533 Recordare

49 1583 80 1624 15
95 1561 163 1621 tua.
215 1555 332 1620 Nonne
359 1557 537 1620 meministi
564 1557 702 1620 clamare
733 1560 766 1620 te
795 1557 904 1620 omnia
930 1557 1065 1642 perisse,
1093 1558 1122 1620 si

94 1645 153 1710 ille
176 1645 288 1708 funere
306 1644 410 1708 elatus
430 1646 537 1709 esset?
574 1643 742 1728 Sapienter
764 1644 799 1709 id
817 1644 954 1729 quidem.
996 1643 1121 1731 Itaque,

95 1755 137 1798 ex
161 1754 199 1797 eo
224 1754 305 1816 quae
329 1731 500 1818 manarint,
523 1732 620 1796 videa.
914 1734 916 1738 ’

166 1820 256 1896 Quae
277 1821 392 1884 scribis
410 1821 449 1885 K.
469 1819 571 1884 Iuniis
585 1820 766 1884 Antonium
785 1820 823 1883 de
842 1820 1017 1904 provinciis
1041 1821 1121 1885 rela-
1140 1838 1158 1884 4

95 1915 220 1993 turum,
243 1913 281 1972 ut
305 1909 429 1993 etipse
453 1907 575 1973 Gallias
597 1909 726 1992 habeat,
745 1912 777 1972 et
795 1909 943 1992 utrisque
962 1909 1030 1972 dies
1049 1930 1121 1992 pro·
1154 1985 1155 1988 Ἴ

51 2026 80 2064 ao
95 2001 246 2083 rogetur,
278 1997 430 2062 licebitne
462 1997 588 2061 decerni
615 1997 738 2060 libere?
789 1994 825 2060 si
853 1997 993 2081 licuerit,
1025 1997 1122 2061 liber-

95 2091 201 2150 tatem
224 2107 294 2149 esse
317 2089 538 2169 recuperatam
556 2085 718 2170 laetabor3
742 2084 769 2148 si
792 2106 857 2149 non
881 2084 1019 2168 licuerit,
1043 2084 1122 2168 quid

94 2173 181 2242 mihi
209 2173 356 2238 attulerit
384 2174 448 2237 ista
481 2173 603 2237 domini
630 2174 768 2237 mutatio
796 2177 924 2255 praeter
952 2173 1122 2258 laetitiam,

96 2285 197 2346 quam
234 2262 335 2326 oculis
372 2262 442 2344 cepi
478 2261 566 2326 iusto
604 2261 739 2325 interitu
775 2261 931 2344 tyranni?
978 2260 1157 2344 Rapinaso

96 2350 213 2415 scribis
237 2350 277 2414 ad
291 2348 370 2433 Opis
394 2350 478 2435 fieri3
501 2371 581 2433 quas
599 2371 660 2414 nos
680 2370 808 2433 quoque
831 2353 902 2413 tum
925 2349 1121 2414 videbamus.

53 2466 80 2506 οι
96 2437 149 2502 Νο
173 2459 232 2502 nos
261 2442 294 2501 et
316 2438 447 2502 liberati
471 2437 511 2501 ab
535 2438 674 2522 egregiis
698 2438 776 2501 viris
799 2458 858 2502 nec
879 2437 975 2502 liberi
999 2459 1120 2502 sumus.

95 2525 150 2592 Ita
172 2526 244 2590 laus
272 2525 403 2590 iliorum
434 2529 496 2608 est,
526 2526 620 2608 culpa
646 2529 767 2589 nostra.
813 2524 859 2589 Et
888 2525 1032 2590 hortaris
1060 2548 1122 2611 me,

95 2619 136 2679 ut
158 2614 313 2678 historias
337 2614 485 2696 scribam,
508 2617 546 2677 ut
569 2613 721 2697 colligam
742 2617 834 2677 tanta
856 2635 969 2678 eorum
993 2613 1121 2700 scelera,

96 2703 259 2786 aquibus
290 2703 387 2766 etiam
414 2723 501 2765 nunc
528 2701 725 2765 obsidemur!
766 2700 926 2765 Poterone
951 2723 1005 2766 eos
1029 2703 1120 2786 ipsos

95 2813 165 2856 non
187 2791 331 2874 laudare,
361 2790 417 2875 qui
440 2793 474 2853 te
497 2789 739 2874 obsignatorem
768 2789 1006 2854 adhibuerunt?
1052 2789 1121 2854 Nec

53 2909 82 2948 οο
96 2879 280 2944 mehercule
302 2901 353 2942 me
376 2878 605 2942 raudusculum
628 2881 750 2959 movet,
776 2877 832 2941 sed
853 2878 1002 2943 homines
1026 2879 1121 2942 bene-

97 2969 207 3050 volos,
244 2967 493 3051 qualescumque
531 2969 624 3052 sunt,
662 2985 758 3050 graue
796 2970 845 3031 est
881 2967 1009 3050 insequi
1046 2988 1119 3031 con-

96 3055 240 3120 tumelia.
287 3053 349 3118 Sed
376 3055 414 3118 de
447 3054 596 3118 omnibus
629 3054 708 3117 mcis
741 3055 900 3139 consiliis,
933 3058 969 3118 ut
993 3055 1156 3136 scribis‚o

98 3144 250 3208 existimo
274 3143 472 3226 exploratius
496 3165 556 3206 nos
580 3142 620 3206 ad
645 3139 684 3205 K.
704 3139 814 3206 Iunias
839 3146 981 3206 statuere
1009 3163 1113 3225 posse.

98 3233 151 3296 Ad
175 3253 254 3315 quas
279 3231 373 3296 adero
398 3235 430 3294 et
458 3231 546 3294 omni
570 3251 630 3314 ope
653 3233 751 3314 atque
782 3252 879 3313 opera
903 3231 1008 3293 enitar
1032 3229 1120 3292 adiu-

55 3324 270 3389 carantomo
299 3319 421 3384 scilicet
448 3319 641 3382 auctoritate
664 3322 721 3380 tua
749 3321 781 3381 et
808 3318 914 3402 gratia
937 3321 970 3381 et
994 3339 1120 3380 summa

99 3409 263 3492 aequitate
287 3429 413 3492 causae,
440 3411 477 3470 ut
500 3408 539 3469 de
561 3404 746 3469 Buthrotiis
772 3409 902 3469 senatus
925 3405 1120 3488 consultum,

99 3496 195 3582 quale
219 3496 346 3578 scribis,
369 3496 435 3558 fiat.
482 3492 575 3569 Quod
603 3515 654 3556 me
677 3493 820 3577 cogitare
842 3494 943 3576 iubes,
967 3493 1119 3576 cogitabo

154 3609 200 3650 Cic.
211 3611 276 3658 epist.
286 3610 316 3649 IL
922 3601 955 3648 29
