<?xml version="1.0" encoding="UTF-8"?>
<!DOCTYPE html PUBLIC "-//W3C//DTD XHTML 1.0 Transitional//EN"
    "http://www.w3.org/TR/xhtml1/DTD/xhtml1-transitional.dtd">
<html xmlns="http://www.w3.org/1999/xhtml" xml:lang="en" lang="en">
 <head>
  <title>
</title>
<meta http-equiv="Content-Type" content="text/html;charset=utf-8" />
  <meta name='ocr-system' content='tesseract 3.04.00' />
  <meta name='ocr-capabilities' content='ocr_page ocr_carea ocr_par ocr_line ocrx_word'/>
</head>
<body>
  <div class='ocr_page' id='page_1' title='image "./scriptaquaemans00mullgoog_0291.png"; bbox 0 0 2586 3886; ppageno 0'>
   <div class='ocr_carea' id='block_1_1' title="bbox 191 159 887 226">
    <p class='ocr_par' dir='ltr' id='par_1_1' title="bbox 191 159 887 226">
     <span class='ocr_line' id='line_1_1' title="bbox 191 159 887 226; baseline -0.017 1"><span class='ocrx_word' id='word_1_1' title='bbox 191 162 254 226; x_wconf 80' lang='lat'>126</span> <span class='ocrx_word' id='word_1_2' title='bbox 512 160 551 215; x_wconf 86' lang='lat' dir='ltr'>II.</span> <span class='ocrx_word' id='word_1_3' title='bbox 570 159 678 214; x_wconf 83' lang='lat' dir='ltr'>TULLI</span> <span class='ocrx_word' id='word_1_4' title='bbox 696 159 887 216; x_wconf 79' lang='lat' dir='ltr'>CICERONIS</span> 
     </span>
    </p>
   </div>
   <div class='ocr_carea' id='block_1_2' title="bbox 32 301 1283 2932">
    <p class='ocr_par' dir='ltr' id='par_1_2' title="bbox 188 301 1217 566">
     <span class='ocr_line' id='line_1_2' title="bbox 188 301 1217 389; baseline -0.001 -19"><span class='ocrx_word' id='word_1_5' title='bbox 188 306 298 371; x_wconf 90' lang='lat' dir='ltr'>libere.</span> <span class='ocrx_word' id='word_1_6' title='bbox 341 303 458 381; x_wconf 73' lang='lat' dir='ltr'>‘Quidl</span> <span class='ocrx_word' id='word_1_7' title='bbox 482 303 558 389; x_wconf 88' lang='lat' dir='ltr'>ille’,</span> <span class='ocrx_word' id='word_1_8' title='bbox 581 305 718 389; x_wconf 88' lang='lat' dir='ltr'>inquies,</span> <span class='ocrx_word' id='word_1_9' title='bbox 742 304 791 368; x_wconf 73' lang='lat' dir='ltr'>‘ut</span> <span class='ocrx_word' id='word_1_10' title='bbox 813 301 976 369; x_wconf 70' lang='lat' dir='ltr'>ferebatl&#39;</span> <span class='ocrx_word' id='word_1_11' title='bbox 1016 301 1217 369; x_wconf 90' lang='lat' dir='ltr'>Humaniter</span> 
     </span>
     <span class='ocr_line' id='line_1_3' title="bbox 189 392 1217 478; baseline -0.002 -20"><span class='ocrx_word' id='word_1_12' title='bbox 189 415 343 478; x_wconf 84' lang='lat' dir='ltr'>meaeque</span> <span class='ocrx_word' id='word_1_13' title='bbox 372 393 557 478; x_wconf 82' lang='lat' dir='ltr'>dignitatis,</span> <span class='ocrx_word' id='word_1_14' title='bbox 595 393 702 476; x_wconf 89' lang='lat' dir='ltr'>quoad</span> <span class='ocrx_word' id='word_1_15' title='bbox 731 392 812 457; x_wconf 92' lang='lat' dir='ltr'>mihi</span> <span class='ocrx_word' id='word_1_16' title='bbox 843 393 923 458; x_wconf 87' lang='lat' dir='ltr'>satis</span> <span class='ocrx_word' id='word_1_17' title='bbox 957 393 1080 457; x_wconf 85' lang='lat' dir='ltr'>factum</span> <span class='ocrx_word' id='word_1_18' title='bbox 1116 397 1217 478; x_wconf 86' lang='lat' dir='ltr'>esset,</span> 
     </span>
     <span class='ocr_line' id='line_1_4' title="bbox 189 479 1215 566; baseline -0.003 -19"><span class='ocrx_word' id='word_1_19' title='bbox 189 482 372 547; x_wconf 91' lang='lat' dir='ltr'>habendam</span> <span class='ocrx_word' id='word_1_20' title='bbox 396 482 460 547; x_wconf 89' lang='lat' dir='ltr'>sibi</span> <span class='ocrx_word' id='word_1_21' title='bbox 482 482 643 546; x_wconf 87' lang='lat' dir='ltr'>rationem</span> <span class='ocrx_word' id='word_1_22' title='bbox 665 481 811 564; x_wconf 88' lang='lat' dir='ltr'>putabat.</span> <span class='ocrx_word' id='word_1_23' title='bbox 847 479 918 556; x_wconf 79' lang='lat' dir='ltr'>Quo</span> <span class='ocrx_word' id='word_1_24' title='bbox 941 481 1036 545; x_wconf 95' lang='lat' dir='ltr'>modo</span> <span class='ocrx_word' id='word_1_25' title='bbox 1056 502 1132 566; x_wconf 84' lang='lat' dir='ltr'>ergo</span> <span class='ocrx_word' id='word_1_26' title='bbox 1156 481 1215 544; x_wconf 88' lang='lat' dir='ltr'>ab·</span> 
     </span>
    </p>

    <p class='ocr_par' dir='ltr' id='par_1_3' title="bbox 140 569 1270 1006">
     <span class='ocr_line' id='line_1_5' title="bbox 140 569 1215 654; baseline -0.002 -19"><span class='ocrx_word' id='word_1_27' title='bbox 140 577 149 598; x_wconf 82' lang='lat'>&#39;&#39;</span> <span class='ocrx_word' id='word_1_28' title='bbox 190 571 340 635; x_wconf 79' lang='lat' dir='ltr'>solutus?</span> <span class='ocrx_word' id='word_1_29' title='bbox 387 569 526 634; x_wconf 86' lang='lat' dir='ltr'><strong>Omnino</strong></span> <span class='ocrx_word' id='word_1_30' title='bbox 550 570 787 654; x_wconf 80' lang='lat' dir='ltr'>†110P11AII</span> <span class='ocrx_word' id='word_1_31' title='bbox 789 573 929 634; x_wconf 77' lang='lat' dir='ltr'><em>YMNA.</em></span> <span class='ocrx_word' id='word_1_32' title='bbox 975 569 1215 634; x_wconf 85' lang='lat' dir='ltr'>Accusatorum</span> 
     </span>
     <span class='ocr_line' id='line_1_6' title="bbox 190 655 1270 742; baseline 0.002 -20"><span class='ocrx_word' id='word_1_33' title='bbox 190 659 388 724; x_wconf 89' lang='lat' dir='ltr'>incredibilis</span> <span class='ocrx_word' id='word_1_34' title='bbox 412 658 558 741; x_wconf 86' lang='lat' dir='ltr'>infantia,</span> <span class='ocrx_word' id='word_1_35' title='bbox 580 657 614 721; x_wconf 94' lang='lat' dir='ltr'>id</span> <span class='ocrx_word' id='word_1_36' title='bbox 638 661 687 721; x_wconf 88' lang='lat' dir='ltr'>est</span> <span class='ocrx_word' id='word_1_37' title='bbox 709 656 745 722; x_wconf 89' lang='lat' dir='ltr'>L.</span> <span class='ocrx_word' id='word_1_38' title='bbox 764 656 896 721; x_wconf 77' lang='lat' dir='ltr'>Lentuli</span> <span class='ocrx_word' id='word_1_39' title='bbox 918 655 954 721; x_wconf 81' lang='lat' dir='ltr'>L.</span> <span class='ocrx_word' id='word_1_40' title='bbox 975 657 1006 742; x_wconf 83' lang='lat' dir='ltr'>f,</span> <span class='ocrx_word' id='word_1_41' title='bbox 1030 679 1126 741; x_wconf 91' lang='lat' dir='ltr'>quem</span> <span class='ocrx_word' id='word_1_42' title='bbox 1148 657 1214 721; x_wconf 73' lang='lat' dir='ltr'>fra</span> <span class='ocrx_word' id='word_1_43' title='bbox 1248 683 1270 724; x_wconf 85' lang='lat'><strong>5</strong></span> 
     </span>
     <span class='ocr_line' id='line_1_7' title="bbox 189 744 1214 830; baseline -0.003 -18"><span class='ocrx_word' id='word_1_44' title='bbox 189 752 284 812; x_wconf 92' lang='lat' dir='ltr'>munt</span> <span class='ocrx_word' id='word_1_45' title='bbox 308 768 418 812; x_wconf 87' lang='lat' dir='ltr'>omnes</span> <span class='ocrx_word' id='word_1_46' title='bbox 441 746 711 830; x_wconf 89' lang='lat' dir='ltr'>praevaricatum,</span> <span class='ocrx_word' id='word_1_47' title='bbox 740 745 853 809; x_wconf 88' lang='lat' dir='ltr'>deinde</span> <span class='ocrx_word' id='word_1_48' title='bbox 875 744 1008 828; x_wconf 89' lang='lat' dir='ltr'>Pompei</span> <span class='ocrx_word' id='word_1_49' title='bbox 1031 746 1115 810; x_wconf 89' lang='lat' dir='ltr'>mira</span> <span class='ocrx_word' id='word_1_50' title='bbox 1137 767 1214 809; x_wconf 89' lang='lat' dir='ltr'>oon-</span> 
     </span>
     <span class='ocr_line' id='line_1_8' title="bbox 191 833 1215 920; baseline -0.002 -21"><span class='ocrx_word' id='word_1_51' title='bbox 191 836 304 920; x_wconf 77' lang='lat' dir='ltr'>tentio,</span> <span class='ocrx_word' id='word_1_52' title='bbox 328 835 471 899; x_wconf 90' lang='lat' dir='ltr'>iudieum</span> <span class='ocrx_word' id='word_1_53' title='bbox 492 834 611 899; x_wconf 89' lang='lat' dir='ltr'>sordes.</span> <span class='ocrx_word' id='word_1_54' title='bbox 643 833 692 897; x_wconf 87' lang='lat' dir='ltr'>Ac</span> <span class='ocrx_word' id='word_1_55' title='bbox 710 838 820 897; x_wconf 88' lang='lat' dir='ltr'>tamen</span> <span class='ocrx_word' id='word_1_56' title='bbox 834 851 935 898; x_wconf 90' lang='lat' dir='ltr'>XXXII</span> <span class='ocrx_word' id='word_1_57' title='bbox 948 833 1215 918; x_wconf 86' lang='lat' dir='ltr'>condemnarunt,</span> 
     </span>
     <span class='ocr_line' id='line_1_9' title="bbox 191 918 1215 1006; baseline -0.001 -19"><span class='ocrx_word' id='word_1_58' title='bbox 191 941 329 988; x_wconf 75' lang='lat' dir='ltr'>XXXVIII</span> <span class='ocrx_word' id='word_1_59' title='bbox 353 923 570 987; x_wconf 89' lang='lat' dir='ltr'>absolverunt.</span> <span class='ocrx_word' id='word_1_60' title='bbox 607 920 729 986; x_wconf 86' lang='lat' dir='ltr'>Iudicia</span> <span class='ocrx_word' id='word_1_61' title='bbox 748 923 872 1006; x_wconf 91' lang='lat' dir='ltr'>reliqua</span> <span class='ocrx_word' id='word_1_62' title='bbox 890 918 1088 1005; x_wconf 73' lang='lat' dir='ltr'>impendent.</span> <span class='ocrx_word' id='word_1_63' title='bbox 1120 919 1215 987; x_wconf 90' lang='lat' dir='ltr'>Non-</span> 
     </span>
    </p>

    <p class='ocr_par' dir='ltr' id='par_1_4' title="bbox 32 1008 1283 2932">
     <span class='ocr_line' id='line_1_10' title="bbox 32 1008 1213 1095; baseline 0.005 -27"><span class='ocrx_word' id='word_1_64' title='bbox 32 1029 126 1079; x_wconf 74' lang='lat' dir='ltr'>auru</span> <span class='ocrx_word' id='word_1_65' title='bbox 141 1030 175 1075; x_wconf 80' lang='grc' dir='ltr'>ιο)</span> <span class='ocrx_word' id='word_1_66' title='bbox 191 1013 267 1075; x_wconf 90' lang='lat' dir='ltr'>dum</span> <span class='ocrx_word' id='word_1_67' title='bbox 290 1015 340 1075; x_wconf 89' lang='lat' dir='ltr'>est</span> <span class='ocrx_word' id='word_1_68' title='bbox 363 1012 458 1094; x_wconf 89' lang='lat' dir='ltr'>plane</span> <span class='ocrx_word' id='word_1_69' title='bbox 481 1010 657 1094; x_wconf 86' lang='lat' dir='ltr'>expeditus.</span> <span class='ocrx_word' id='word_1_70' title='bbox 702 1008 811 1075; x_wconf 80' lang='lat' dir='ltr'>Dices:</span> <span class='ocrx_word' id='word_1_71' title='bbox 845 1009 907 1074; x_wconf 69' lang='lat' dir='ltr'>‘Tu</span> <span class='ocrx_word' id='word_1_72' title='bbox 936 1031 1013 1095; x_wconf 84' lang='lat' dir='ltr'>ergo</span> <span class='ocrx_word' id='word_1_73' title='bbox 1042 1010 1121 1074; x_wconf 88' lang='lat' dir='ltr'>haee</span> <span class='ocrx_word' id='word_1_74' title='bbox 1144 1031 1213 1094; x_wconf 92' lang='lat' dir='ltr'>quo</span> 
     </span>
     <span class='ocr_line' id='line_1_11' title="bbox 190 1097 1266 1165; baseline 0.001 -2"><span class='ocrx_word' id='word_1_75' title='bbox 190 1099 287 1163; x_wconf 93' lang='lat' dir='ltr'>modo</span> <span class='ocrx_word' id='word_1_76' title='bbox 310 1099 409 1163; x_wconf 58' lang='lat' dir='ltr'>fers?</span> <span class='ocrx_word' id='word_1_77' title='bbox 456 1097 546 1162; x_wconf 85' lang='lat' dir='ltr'>Belle</span> <span class='ocrx_word' id='word_1_78' title='bbox 568 1098 748 1162; x_wconf 82' lang='lat' dir='ltr'>mehercule</span> <span class='ocrx_word' id='word_1_79' title='bbox 771 1098 863 1162; x_wconf 89' lang='lat' dir='ltr'>etin</span> <span class='ocrx_word' id='word_1_80' title='bbox 886 1120 922 1162; x_wconf 91' lang='lat' dir='ltr'>eo</span> <span class='ocrx_word' id='word_1_81' title='bbox 946 1121 997 1162; x_wconf 92' lang='lat' dir='ltr'>me</span> <span class='ocrx_word' id='word_1_82' title='bbox 1015 1099 1107 1163; x_wconf 85' lang='lat' dir='ltr'>valde</span> <span class='ocrx_word' id='word_1_83' title='bbox 1127 1120 1212 1162; x_wconf 89' lang='lat' dir='ltr'>amo.</span> <span class='ocrx_word' id='word_1_84' title='bbox 1231 1125 1266 1165; x_wconf 89' lang='lat' dir='ltr'>Io</span> 
     </span>
     <span class='ocr_line' id='line_1_12' title="bbox 191 1185 1215 1271; baseline 0 -21"><span class='ocrx_word' id='word_1_85' title='bbox 191 1186 384 1271; x_wconf 79' lang='lat' dir='ltr'>Amisimus,</span> <span class='ocrx_word' id='word_1_86' title='bbox 407 1187 453 1251; x_wconf 94' lang='lat' dir='ltr'>mi</span> <span class='ocrx_word' id='word_1_87' title='bbox 475 1185 649 1271; x_wconf 92' lang='lat' dir='ltr'>Pomponi,</span> <span class='ocrx_word' id='word_1_88' title='bbox 679 1208 805 1250; x_wconf 88' lang='lat' dir='ltr'>omnem</span> <span class='ocrx_word' id='word_1_89' title='bbox 827 1208 895 1250; x_wconf 90' lang='lat' dir='ltr'>non</span> <span class='ocrx_word' id='word_1_90' title='bbox 916 1187 1012 1251; x_wconf 91' lang='lat' dir='ltr'>modo</span> <span class='ocrx_word' id='word_1_91' title='bbox 1037 1209 1150 1251; x_wconf 88' lang='lat' dir='ltr'>sucum</span> <span class='ocrx_word' id='word_1_92' title='bbox 1174 1209 1215 1251; x_wconf 90' lang='lat' dir='ltr'>ac</span> 
     </span>
     <span class='ocr_line' id='line_1_13' title="bbox 191 1274 1215 1447; baseline 0 -20"><span class='ocrx_word' id='word_1_93' title='bbox 191 1274 727 1447; x_wconf 43' lang='lat' dir='ltr'>{trististristis</span> <span class='ocrx_word' id='word_1_94' title='bbox 740 1274 1215 1447; x_wconf 60' lang='lat' dir='ltr'>luztttutl⁸h⁰t¹l.⁰tli</span> 
     </span>
     <span class='ocr_line' id='line_1_14' title="bbox 192 1414 1213 1537; baseline 0 -23"><span class='ocrx_word' id='word_1_95' title='bbox 192 1453 363 1536; x_wconf 85' lang='lat' dir='ltr'>quiescam.</span> <span class='ocrx_word' id='word_1_96' title='bbox 392 1451 482 1516; x_wconf 72' lang='lat' dir='ltr'>‘Idne</span> <span class='ocrx_word' id='word_1_97' title='bbox 495 1451 617 1536; x_wconf 84' lang='lat' dir='ltr'>igitur&#39;,</span> <span class='ocrx_word' id='word_1_98' title='bbox 636 1415 773 1537; x_wconf 88' lang='lat' dir='ltr'>inquies,</span> <span class='ocrx_word' id='word_1_99' title='bbox 792 1451 896 1516; x_wconf 75' lang='lat' dir='ltr'>‘facile</span> <span class='ocrx_word' id='word_1_100' title='bbox 910 1414 1009 1516; x_wconf 71' lang='lat' dir='ltr'>fersl’</span> <span class='ocrx_word' id='word_1_101' title='bbox 1036 1450 1075 1515; x_wconf 93' lang='lat' dir='ltr'>Id</span> <span class='ocrx_word' id='word_1_102' title='bbox 1088 1452 1213 1536; x_wconf 84' lang='lat' dir='ltr'>ipsum3</span> 
     </span>
     <span class='ocr_line' id='line_1_15' title="bbox 191 1539 1262 1625; baseline 0.005 -22"><span class='ocrx_word' id='word_1_103' title='bbox 191 1540 342 1605; x_wconf 89' lang='lat' dir='ltr'>recordor</span> <span class='ocrx_word' id='word_1_104' title='bbox 365 1540 460 1625; x_wconf 89' lang='lat' dir='ltr'>enim,</span> <span class='ocrx_word' id='word_1_105' title='bbox 484 1562 581 1623; x_wconf 88' lang='lat' dir='ltr'>quam</span> <span class='ocrx_word' id='word_1_106' title='bbox 603 1540 688 1604; x_wconf 91' lang='lat' dir='ltr'>bella</span> <span class='ocrx_word' id='word_1_107' title='bbox 706 1539 871 1623; x_wconf 84' lang='lat' dir='ltr'>paulisper</span> <span class='ocrx_word' id='word_1_108' title='bbox 888 1539 984 1604; x_wconf 87' lang='lat' dir='ltr'>nobis</span> <span class='ocrx_word' id='word_1_109' title='bbox 1003 1541 1214 1624; x_wconf 76' lang='lat' dir='ltr'>gubernanti</span> <span class='ocrx_word' id='word_1_110' title='bbox 1231 1567 1262 1608; x_wconf 79' lang='lat'>15</span> 
     </span>
     <span class='ocr_line' id='line_1_16' title="bbox 191 1627 1214 1714; baseline -0.001 -21"><span class='ocrx_word' id='word_1_111' title='bbox 191 1628 254 1693; x_wconf 88' lang='lat' dir='ltr'>bus</span> <span class='ocrx_word' id='word_1_112' title='bbox 277 1628 392 1693; x_wconf 87' lang='lat' dir='ltr'>civitas</span> <span class='ocrx_word' id='word_1_113' title='bbox 410 1628 523 1714; x_wconf 83' lang='lat' dir='ltr'>fuerit,</span> <span class='ocrx_word' id='word_1_114' title='bbox 545 1650 628 1712; x_wconf 87' lang='lat' dir='ltr'>quae</span> <span class='ocrx_word' id='word_1_115' title='bbox 649 1628 731 1693; x_wconf 92' lang='lat' dir='ltr'>mihi</span> <span class='ocrx_word' id='word_1_116' title='bbox 749 1629 854 1712; x_wconf 83' lang='lat' dir='ltr'>gratia</span> <span class='ocrx_word' id='word_1_117' title='bbox 872 1629 975 1692; x_wconf 90' lang='lat' dir='ltr'>relata</span> <span class='ocrx_word' id='word_1_118' title='bbox 993 1628 1045 1692; x_wconf 90' lang='lat' dir='ltr'>sit.</span> <span class='ocrx_word' id='word_1_119' title='bbox 1090 1627 1214 1694; x_wconf 86' lang='lat' dir='ltr'>Nullus</span> 
     </span>
     <span class='ocr_line' id='line_1_17' title="bbox 192 1716 1283 1802; baseline -0.001 -22"><span class='ocrx_word' id='word_1_120' title='bbox 192 1717 285 1782; x_wconf 88' lang='lat' dir='ltr'>dolor</span> <span class='ocrx_word' id='word_1_121' title='bbox 311 1738 362 1781; x_wconf 89' lang='lat' dir='ltr'>me</span> <span class='ocrx_word' id='word_1_122' title='bbox 392 1717 483 1801; x_wconf 79' lang='lat' dir='ltr'>angit</span> <span class='ocrx_word' id='word_1_123' title='bbox 513 1738 614 1780; x_wconf 90' lang='lat' dir='ltr'>unum</span> <span class='ocrx_word' id='word_1_124' title='bbox 644 1716 753 1780; x_wconf 93' lang='lat' dir='ltr'>omnia</span> <span class='ocrx_word' id='word_1_125' title='bbox 781 1738 887 1802; x_wconf 84' lang='lat' dir='ltr'>posse;</span> <span class='ocrx_word' id='word_1_126' title='bbox 920 1717 1148 1799; x_wconf 86' lang='lat' dir='ltr'>dirumpuntur</span> <span class='ocrx_word' id='word_1_127' title='bbox 1177 1716 1215 1801; x_wconf 93' lang='lat' dir='ltr'>ii,</span> <span class='ocrx_word' id='word_1_128' title='bbox 1282 1721 1283 1800; x_wconf 68' lang='lat' dir='ltr'>l</span> 
     </span>
     <span class='ocr_line' id='line_1_18' title="bbox 192 1803 1283 1889; baseline -0.004 -21"><span class='ocrx_word' id='word_1_129' title='bbox 192 1806 249 1889; x_wconf 91' lang='lat' dir='ltr'>qui</span> <span class='ocrx_word' id='word_1_130' title='bbox 279 1827 331 1869; x_wconf 91' lang='lat' dir='ltr'>me</span> <span class='ocrx_word' id='word_1_131' title='bbox 364 1803 487 1888; x_wconf 89' lang='lat' dir='ltr'>aliquid</span> <span class='ocrx_word' id='word_1_132' title='bbox 517 1826 611 1887; x_wconf 91' lang='lat' dir='ltr'>posse</span> <span class='ocrx_word' id='word_1_133' title='bbox 644 1804 824 1869; x_wconf 90' lang='lat' dir='ltr'>doluerunt.</span> <span class='ocrx_word' id='word_1_134' title='bbox 878 1804 984 1868; x_wconf 90' lang='lat' dir='ltr'>Multa</span> <span class='ocrx_word' id='word_1_135' title='bbox 1019 1804 1101 1868; x_wconf 92' lang='lat' dir='ltr'>mihi</span> <span class='ocrx_word' id='word_1_136' title='bbox 1132 1803 1214 1869; x_wconf 86' lang='lat' dir='ltr'>dant</span> <span class='ocrx_word' id='word_1_137' title='bbox 1282 1809 1283 1864; x_wconf 63' lang='lat' dir='ltr'>l</span> 
     </span>
     <span class='ocr_line' id='line_1_19' title="bbox 192 1892 1213 1978; baseline -0.002 -20"><span class='ocrx_word' id='word_1_138' title='bbox 192 1893 321 1977; x_wconf 89' lang='lat' dir='ltr'>solacia,</span> <span class='ocrx_word' id='word_1_139' title='bbox 343 1914 403 1958; x_wconf 91' lang='lat' dir='ltr'>nee</span> <span class='ocrx_word' id='word_1_140' title='bbox 425 1897 533 1956; x_wconf 89' lang='lat' dir='ltr'>tamen</span> <span class='ocrx_word' id='word_1_141' title='bbox 557 1913 617 1977; x_wconf 82' lang='lat' dir='ltr'>ego</span> <span class='ocrx_word' id='word_1_142' title='bbox 632 1892 670 1956; x_wconf 88' lang='lat' dir='ltr'>de</span> <span class='ocrx_word' id='word_1_143' title='bbox 688 1914 760 1956; x_wconf 89' lang='lat' dir='ltr'>meo</span> <span class='ocrx_word' id='word_1_144' title='bbox 780 1896 869 1957; x_wconf 90' lang='lat' dir='ltr'>statu</span> <span class='ocrx_word' id='word_1_145' title='bbox 888 1892 1042 1978; x_wconf 85' lang='lat' dir='ltr'>demigro,</span> <span class='ocrx_word' id='word_1_146' title='bbox 1065 1913 1213 1976; x_wconf 89' lang='lat' dir='ltr'>quaeque</span> 
     </span>
     <span class='ocr_line' id='line_1_20' title="bbox 191 1980 1260 2066; baseline 0.003 -21"><span class='ocrx_word' id='word_1_147' title='bbox 191 1982 259 2046; x_wconf 87' lang='lat' dir='ltr'>vita</span> <span class='ocrx_word' id='word_1_148' title='bbox 281 1982 421 2044; x_wconf 87' lang='lat' dir='ltr'>maxime</span> <span class='ocrx_word' id='word_1_149' title='bbox 445 1984 494 2044; x_wconf 89' lang='lat' dir='ltr'>est</span> <span class='ocrx_word' id='word_1_150' title='bbox 518 1980 558 2044; x_wconf 89' lang='lat' dir='ltr'>ad</span> <span class='ocrx_word' id='word_1_151' title='bbox 579 1984 743 2066; x_wconf 90' lang='lat' dir='ltr'>naturam,</span> <span class='ocrx_word' id='word_1_152' title='bbox 773 1980 812 2044; x_wconf 91' lang='lat' dir='ltr'>ad</span> <span class='ocrx_word' id='word_1_153' title='bbox 842 2002 912 2045; x_wconf 90' lang='lat' dir='ltr'>eam</span> <span class='ocrx_word' id='word_1_154' title='bbox 943 2003 994 2045; x_wconf 92' lang='lat' dir='ltr'>me</span> <span class='ocrx_word' id='word_1_155' title='bbox 1021 1981 1139 2066; x_wconf 84' lang='lat' dir='ltr'>refero,</span> <span class='ocrx_word' id='word_1_156' title='bbox 1170 1981 1213 2044; x_wconf 86' lang='lat' dir='ltr'>ad</span> <span class='ocrx_word' id='word_1_157' title='bbox 1229 2010 1260 2049; x_wconf 80' lang='lat' dir='ltr'>ao</span> 
     </span>
     <span class='ocr_line' id='line_1_21' title="bbox 191 2065 1212 2133; baseline 0 -1"><span class='ocrx_word' id='word_1_158' title='bbox 191 2067 319 2133; x_wconf 84' lang='lat' dir='ltr'>litteras</span> <span class='ocrx_word' id='word_1_159' title='bbox 343 2073 375 2132; x_wconf 90' lang='lat' dir='ltr'>et</span> <span class='ocrx_word' id='word_1_160' title='bbox 399 2069 505 2132; x_wconf 89' lang='lat' dir='ltr'>studia</span> <span class='ocrx_word' id='word_1_161' title='bbox 526 2072 646 2133; x_wconf 89' lang='lat' dir='ltr'>nostra.</span> <span class='ocrx_word' id='word_1_162' title='bbox 682 2065 815 2132; x_wconf 87' lang='lat' dir='ltr'>Dicendi</span> <span class='ocrx_word' id='word_1_163' title='bbox 835 2069 980 2133; x_wconf 87' lang='lat' dir='ltr'>laborem</span> <span class='ocrx_word' id='word_1_164' title='bbox 999 2068 1212 2133; x_wconf 78' lang='lat' dir='ltr'>delectatione</span> 
     </span>
     <span class='ocr_line' id='line_1_22' title="bbox 193 2156 1212 2242; baseline 0 -22"><span class='ocrx_word' id='word_1_165' title='bbox 193 2156 336 2220; x_wconf 88' lang='lat' dir='ltr'>oratoria</span> <span class='ocrx_word' id='word_1_166' title='bbox 358 2156 522 2241; x_wconf 85' lang='lat' dir='ltr'>consolor3</span> <span class='ocrx_word' id='word_1_167' title='bbox 546 2156 659 2220; x_wconf 90' lang='lat' dir='ltr'>domus</span> <span class='ocrx_word' id='word_1_168' title='bbox 682 2178 733 2220; x_wconf 92' lang='lat' dir='ltr'>me</span> <span class='ocrx_word' id='word_1_169' title='bbox 757 2160 789 2220; x_wconf 91' lang='lat' dir='ltr'>et</span> <span class='ocrx_word' id='word_1_170' title='bbox 812 2180 888 2221; x_wconf 89' lang='lat' dir='ltr'>rura</span> <span class='ocrx_word' id='word_1_171' title='bbox 905 2161 1019 2221; x_wconf 87' lang='lat' dir='ltr'>nostra</span> <span class='ocrx_word' id='word_1_172' title='bbox 1037 2156 1212 2242; x_wconf 73' lang='lat' dir='ltr'>delectant,</span> 
     </span>
     <span class='ocr_line' id='line_1_23' title="bbox 191 2244 1212 2330; baseline 0.003 -22"><span class='ocrx_word' id='word_1_173' title='bbox 191 2266 258 2308; x_wconf 92' lang='lat' dir='ltr'>non</span> <span class='ocrx_word' id='word_1_174' title='bbox 286 2245 450 2329; x_wconf 87' lang='lat' dir='ltr'>recordor,</span> <span class='ocrx_word' id='word_1_175' title='bbox 478 2244 563 2308; x_wconf 92' lang='lat' dir='ltr'>unde</span> <span class='ocrx_word' id='word_1_176' title='bbox 592 2244 772 2330; x_wconf 83' lang='lat' dir='ltr'>ceciderim,</span> <span class='ocrx_word' id='word_1_177' title='bbox 806 2245 862 2310; x_wconf 86' lang='lat' dir='ltr'>sed</span> <span class='ocrx_word' id='word_1_178' title='bbox 890 2245 974 2309; x_wconf 92' lang='lat' dir='ltr'>unde</span> <span class='ocrx_word' id='word_1_179' title='bbox 1007 2244 1212 2311; x_wconf 86' lang='lat' dir='ltr'>surrexerim.</span> 
     </span>
     <span class='ocr_line' id='line_1_24' title="bbox 191 2331 1211 2419; baseline 0.003 -24"><span class='ocrx_word' id='word_1_180' title='bbox 191 2331 339 2396; x_wconf 81' lang='lat' dir='ltr'>Fratrem</span> <span class='ocrx_word' id='word_1_181' title='bbox 360 2353 486 2396; x_wconf 89' lang='lat' dir='ltr'>mecum</span> <span class='ocrx_word' id='word_1_182' title='bbox 509 2335 541 2396; x_wconf 87' lang='lat' dir='ltr'>et</span> <span class='ocrx_word' id='word_1_183' title='bbox 564 2336 597 2396; x_wconf 92' lang='lat' dir='ltr'>te</span> <span class='ocrx_word' id='word_1_184' title='bbox 620 2333 649 2396; x_wconf 92' lang='lat' dir='ltr'>si</span> <span class='ocrx_word' id='word_1_185' title='bbox 670 2333 812 2419; x_wconf 89' lang='lat' dir='ltr'>habeb0,</span> <span class='ocrx_word' id='word_1_186' title='bbox 841 2355 899 2419; x_wconf 91' lang='lat' dir='ltr'>per</span> <span class='ocrx_word' id='word_1_187' title='bbox 920 2355 972 2399; x_wconf 89' lang='lat' dir='ltr'>me</span> <span class='ocrx_word' id='word_1_188' title='bbox 993 2333 1050 2397; x_wconf 89' lang='lat' dir='ltr'>isti</span> <span class='ocrx_word' id='word_1_189' title='bbox 1072 2333 1211 2417; x_wconf 88' lang='lat' dir='ltr'>pedibus</span> 
     </span>
     <span class='ocr_line' id='line_1_25' title="bbox 191 2419 1257 2506; baseline 0.008 -23"><span class='ocrx_word' id='word_1_190' title='bbox 191 2419 378 2503; x_wconf 83' lang='lat' dir='ltr'>trahantur3</span> <span class='ocrx_word' id='word_1_191' title='bbox 407 2420 500 2484; x_wconf 83' lang='lat' dir='ltr'>vobis</span> <span class='ocrx_word' id='word_1_192' title='bbox 524 2426 817 2506; x_wconf 78' lang='grc' dir='ltr'><em>συμφιλοσοφῆσαι</em></span> <span class='ocrx_word' id='word_1_193' title='bbox 840 2443 981 2504; x_wconf 88' lang='lat' dir='ltr'>possum.</span> <span class='ocrx_word' id='word_1_194' title='bbox 1025 2420 1132 2486; x_wconf 87' lang='lat' dir='ltr'>Locus</span> <span class='ocrx_word' id='word_1_195' title='bbox 1155 2422 1212 2487; x_wconf 93' lang='lat' dir='ltr'>ille</span> <span class='ocrx_word' id='word_1_196' title='bbox 1229 2450 1257 2491; x_wconf 81' lang='lat' dir='ltr'>as</span> 
     </span>
     <span class='ocr_line' id='line_1_26' title="bbox 192 2508 1212 2595; baseline 0.003 -24"><span class='ocrx_word' id='word_1_197' title='bbox 192 2508 292 2571; x_wconf 90' lang='lat' dir='ltr'>animi</span> <span class='ocrx_word' id='word_1_198' title='bbox 305 2509 421 2594; x_wconf 87' lang='lat' dir='ltr'>nostri,</span> <span class='ocrx_word' id='word_1_199' title='bbox 444 2509 628 2573; x_wconf 79' lang='lat' dir='ltr'>stomachus</span> <span class='ocrx_word' id='word_1_200' title='bbox 647 2509 705 2572; x_wconf 92' lang='lat' dir='ltr'>ubi</span> <span class='ocrx_word' id='word_1_201' title='bbox 723 2509 892 2573; x_wconf 86' lang='lat' dir='ltr'>habitabat</span> <span class='ocrx_word' id='word_1_202' title='bbox 912 2511 999 2594; x_wconf 89' lang='lat' dir='ltr'>olim,</span> <span class='ocrx_word' id='word_1_203' title='bbox 1022 2511 1212 2595; x_wconf 89' lang='lat' dir='ltr'>conoalluit;</span> 
     </span>
     <span class='ocr_line' id='line_1_27' title="bbox 191 2596 1212 2679; baseline 0.001 -19"><span class='ocrx_word' id='word_1_204' title='bbox 191 2597 319 2679; x_wconf 89' lang='lat' dir='ltr'>privata</span> <span class='ocrx_word' id='word_1_205' title='bbox 341 2596 437 2661; x_wconf 91' lang='lat' dir='ltr'>modo</span> <span class='ocrx_word' id='word_1_206' title='bbox 462 2600 494 2660; x_wconf 91' lang='lat' dir='ltr'>et</span> <span class='ocrx_word' id='word_1_207' title='bbox 513 2597 688 2662; x_wconf 89' lang='lat' dir='ltr'>domestica</span> <span class='ocrx_word' id='word_1_208' title='bbox 705 2619 766 2661; x_wconf 93' lang='lat' dir='ltr'>nos</span> <span class='ocrx_word' id='word_1_209' title='bbox 781 2597 949 2662; x_wconf 89' lang='lat' dir='ltr'>delectant.</span> <span class='ocrx_word' id='word_1_210' title='bbox 985 2597 1104 2662; x_wconf 81' lang='lat' dir='ltr'>Mirum</span> <span class='ocrx_word' id='word_1_211' title='bbox 1123 2619 1212 2663; x_wconf 90' lang='lat' dir='ltr'>secu-</span> 
     </span>
     <span class='ocr_line' id='line_1_28' title="bbox 191 2684 1212 2769; baseline 0.002 -21"><span class='ocrx_word' id='word_1_212' title='bbox 191 2685 322 2749; x_wconf 89' lang='lat' dir='ltr'>ritatem</span> <span class='ocrx_word' id='word_1_213' title='bbox 345 2684 483 2769; x_wconf 82' lang='lat' dir='ltr'>videbis3</span> <span class='ocrx_word' id='word_1_214' title='bbox 507 2687 598 2749; x_wconf 88' lang='lat' dir='ltr'>cuius</span> <span class='ocrx_word' id='word_1_215' title='bbox 621 2685 779 2768; x_wconf 89' lang='lat' dir='ltr'>plurimae</span> <span class='ocrx_word' id='word_1_216' title='bbox 797 2684 977 2750; x_wconf 89' lang='lat' dir='ltr'>mehercule</span> <span class='ocrx_word' id='word_1_217' title='bbox 1000 2689 1109 2769; x_wconf 88' lang='lat' dir='ltr'>partes</span> <span class='ocrx_word' id='word_1_218' title='bbox 1133 2691 1212 2750; x_wconf 84' lang='lat' dir='ltr'>sunt</span> 
     </span>
     <span class='ocr_line' id='line_1_29' title="bbox 190 2772 1211 2857; baseline 0.002 -21"><span class='ocrx_word' id='word_1_219' title='bbox 190 2773 225 2836; x_wconf 91' lang='lat' dir='ltr'>in</span> <span class='ocrx_word' id='word_1_220' title='bbox 248 2777 308 2838; x_wconf 94' lang='lat' dir='ltr'>tuo</span> <span class='ocrx_word' id='word_1_221' title='bbox 330 2772 448 2857; x_wconf 83' lang='lat' dir='ltr'>reditu3</span> <span class='ocrx_word' id='word_1_222' title='bbox 471 2794 566 2838; x_wconf 88' lang='lat' dir='ltr'>nemo</span> <span class='ocrx_word' id='word_1_223' title='bbox 590 2774 676 2837; x_wconf 93' lang='lat' dir='ltr'>enim</span> <span class='ocrx_word' id='word_1_224' title='bbox 698 2774 733 2837; x_wconf 93' lang='lat' dir='ltr'>in</span> <span class='ocrx_word' id='word_1_225' title='bbox 756 2774 853 2838; x_wconf 89' lang='lat' dir='ltr'>terris</span> <span class='ocrx_word' id='word_1_226' title='bbox 876 2778 925 2838; x_wconf 89' lang='lat' dir='ltr'>est</span> <span class='ocrx_word' id='word_1_227' title='bbox 942 2774 1024 2838; x_wconf 93' lang='lat' dir='ltr'>mihi</span> <span class='ocrx_word' id='word_1_228' title='bbox 1046 2778 1113 2838; x_wconf 91' lang='lat' dir='ltr'>tam</span> <span class='ocrx_word' id='word_1_229' title='bbox 1137 2795 1211 2838; x_wconf 91' lang='lat' dir='ltr'>eon-</span> 
     </span>
     <span class='ocr_line' id='line_1_30' title="bbox 192 2861 1254 2932; baseline 0.008 -8"><span class='ocrx_word' id='word_1_230' title='bbox 192 2861 407 2924; x_wconf 89' lang='lat' dir='ltr'>sentientibus</span> <span class='ocrx_word' id='word_1_231' title='bbox 431 2861 587 2925; x_wconf 87' lang='lat' dir='ltr'>sensibus.</span> <span class='ocrx_word' id='word_1_232' title='bbox 1225 2891 1254 2932; x_wconf 83' lang='lat' dir='ltr'>ao</span> 
     </span>
    </p>
   </div>
   <div class='ocr_carea' id='block_1_3' title="bbox 31 2946 1259 3564">
    <p class='ocr_par' dir='ltr' id='par_1_5' title="bbox 31 2946 1259 3564">
     <span class='ocr_line' id='line_1_31' title="bbox 31 2946 1211 3038; baseline 0.003 -28"><span class='ocrx_word' id='word_1_233' title='bbox 31 2963 128 3038; x_wconf 62' lang='lat' dir='ltr'>suiv}</span> <span class='ocrx_word' id='word_1_234' title='bbox 142 2964 177 3015; x_wconf 89' lang='lat'>11)</span> <span class='ocrx_word' id='word_1_235' title='bbox 260 2946 323 3012; x_wconf 84' lang='lat' dir='ltr'>Sed</span> <span class='ocrx_word' id='word_1_236' title='bbox 345 2949 452 3031; x_wconf 89' lang='lat' dir='ltr'>accipe</span> <span class='ocrx_word' id='word_1_237' title='bbox 475 2949 547 3013; x_wconf 90' lang='lat' dir='ltr'>alia.</span> <span class='ocrx_word' id='word_1_238' title='bbox 592 2948 657 3014; x_wconf 85' lang='lat' dir='ltr'>Res</span> <span class='ocrx_word' id='word_1_239' title='bbox 681 2949 755 3014; x_wconf 91' lang='lat' dir='ltr'>fluit</span> <span class='ocrx_word' id='word_1_240' title='bbox 782 2950 823 3013; x_wconf 91' lang='lat' dir='ltr'>ad</span> <span class='ocrx_word' id='word_1_241' title='bbox 845 2949 1083 3035; x_wconf 80' lang='lat' dir='ltr'>interregnum,</span> <span class='ocrx_word' id='word_1_242' title='bbox 1105 2953 1139 3014; x_wconf 88' lang='lat' dir='ltr'>et</span> <span class='ocrx_word' id='word_1_243' title='bbox 1163 2955 1211 3015; x_wconf 91' lang='lat' dir='ltr'>est</span> 
     </span>
     <span class='ocr_line' id='line_1_32' title="bbox 191 3037 1211 3123; baseline 0.003 -23"><span class='ocrx_word' id='word_1_244' title='bbox 191 3058 259 3100; x_wconf 91' lang='lat' dir='ltr'>non</span> <span class='ocrx_word' id='word_1_245' title='bbox 280 3037 390 3100; x_wconf 89' lang='lat' dir='ltr'>nullus</span> <span class='ocrx_word' id='word_1_246' title='bbox 410 3037 489 3100; x_wconf 88' lang='lat' dir='ltr'>odor</span> <span class='ocrx_word' id='word_1_247' title='bbox 508 3037 696 3122; x_wconf 89' lang='lat' dir='ltr'>dictaturae,</span> <span class='ocrx_word' id='word_1_248' title='bbox 719 3059 824 3102; x_wconf 88' lang='lat' dir='ltr'>sermo</span> <span class='ocrx_word' id='word_1_249' title='bbox 846 3037 975 3120; x_wconf 88' lang='lat' dir='ltr'>quidem</span> <span class='ocrx_word' id='word_1_250' title='bbox 993 3039 1130 3122; x_wconf 82' lang='lat' dir='ltr'>multus3</span> <span class='ocrx_word' id='word_1_251' title='bbox 1154 3040 1211 3123; x_wconf 93' lang='lat' dir='ltr'>qui</span> 
     </span>
     <span class='ocr_line' id='line_1_33' title="bbox 192 3124 1211 3207; baseline 0.003 -19"><span class='ocrx_word' id='word_1_252' title='bbox 192 3124 290 3188; x_wconf 89' lang='lat' dir='ltr'>etiam</span> <span class='ocrx_word' id='word_1_253' title='bbox 320 3124 496 3188; x_wconf 83' lang='lat' dir='ltr'>Gabinium</span> <span class='ocrx_word' id='word_1_254' title='bbox 526 3126 611 3207; x_wconf 91' lang='lat' dir='ltr'>apud</span> <span class='ocrx_word' id='word_1_255' title='bbox 639 3126 771 3191; x_wconf 89' lang='lat' dir='ltr'>timidos</span> <span class='ocrx_word' id='word_1_256' title='bbox 801 3125 921 3190; x_wconf 85' lang='lat' dir='ltr'>iudices</span> <span class='ocrx_word' id='word_1_257' title='bbox 952 3126 1084 3191; x_wconf 86' lang='lat' dir='ltr'>adiuvit.</span> <span class='ocrx_word' id='word_1_258' title='bbox 1130 3125 1211 3191; x_wconf 84' lang='lat' dir='ltr'>Oan-</span> 
     </span>
     <span class='ocr_line' id='line_1_34' title="bbox 190 3213 1210 3279; baseline 0.002 -3"><span class='ocrx_word' id='word_1_259' title='bbox 190 3213 294 3276; x_wconf 90' lang='lat' dir='ltr'>didati</span> <span class='ocrx_word' id='word_1_260' title='bbox 324 3214 508 3278; x_wconf 88' lang='lat' dir='ltr'>consulares</span> <span class='ocrx_word' id='word_1_261' title='bbox 540 3235 650 3278; x_wconf 88' lang='lat' dir='ltr'>omnes</span> <span class='ocrx_word' id='word_1_262' title='bbox 679 3215 727 3278; x_wconf 90' lang='lat' dir='ltr'>rei</span> <span class='ocrx_word' id='word_1_263' title='bbox 757 3213 906 3278; x_wconf 89' lang='lat' dir='ltr'>ambitus.</span> <span class='ocrx_word' id='word_1_264' title='bbox 952 3213 1084 3278; x_wconf 83' lang='lat' dir='ltr'>Accedit</span> <span class='ocrx_word' id='word_1_265' title='bbox 1112 3215 1210 3279; x_wconf 90' lang='lat' dir='ltr'>etiam</span> 
     </span>
     <span class='ocr_line' id='line_1_35' title="bbox 193 3299 1252 3391; baseline 0.007 -26"><span class='ocrx_word' id='word_1_266' title='bbox 193 3299 363 3386; x_wconf 81' lang='lat' dir='ltr'>Gabinius3</span> <span class='ocrx_word' id='word_1_267' title='bbox 388 3324 483 3385; x_wconf 91' lang='lat' dir='ltr'>quem</span> <span class='ocrx_word' id='word_1_268' title='bbox 497 3299 531 3367; x_wconf 92' lang='lat' dir='ltr'>P.</span> <span class='ocrx_word' id='word_1_269' title='bbox 547 3299 637 3366; x_wconf 80' lang='lat' dir='ltr'>Sulla</span> <span class='ocrx_word' id='word_1_270' title='bbox 654 3323 722 3366; x_wconf 96' lang='lat' dir='ltr'>non</span> <span class='ocrx_word' id='word_1_271' title='bbox 740 3302 900 3386; x_wconf 87' lang='lat' dir='ltr'>dubitans,</span> <span class='ocrx_word' id='word_1_272' title='bbox 925 3303 1004 3386; x_wconf 91' lang='lat' dir='ltr'>quin</span> <span class='ocrx_word' id='word_1_273' title='bbox 1016 3303 1097 3367; x_wconf 89' lang='lat' dir='ltr'>foris</span> <span class='ocrx_word' id='word_1_274' title='bbox 1117 3308 1210 3391; x_wconf 86' lang='lat' dir='ltr'>esset,</span> <span class='ocrx_word' id='word_1_275' title='bbox 1224 3332 1252 3374; x_wconf 77' lang='lat' dir='ltr'>aa</span> 
     </span>
     <span class='ocr_line' id='line_1_36' title="bbox 191 3390 1209 3475; baseline 0.002 -21"><span class='ocrx_word' id='word_1_276' title='bbox 191 3390 374 3472; x_wconf 88' lang='lat' dir='ltr'>postularat</span> <span class='ocrx_word' id='word_1_277' title='bbox 398 3394 509 3455; x_wconf 89' lang='lat' dir='ltr'>eontra</span> <span class='ocrx_word' id='word_1_278' title='bbox 532 3391 656 3455; x_wconf 86' lang='lat' dir='ltr'>dicente</span> <span class='ocrx_word' id='word_1_279' title='bbox 679 3394 711 3454; x_wconf 89' lang='lat' dir='ltr'>et</span> <span class='ocrx_word' id='word_1_280' title='bbox 733 3390 817 3454; x_wconf 89' lang='lat' dir='ltr'>nihil</span> <span class='ocrx_word' id='word_1_281' title='bbox 844 3391 1011 3455; x_wconf 88' lang='lat' dir='ltr'>obtinente</span> <span class='ocrx_word' id='word_1_282' title='bbox 1035 3391 1209 3475; x_wconf 84' lang='lat' dir='ltr'>Torquato.</span> 
     </span>
     <span class='ocr_line' id='line_1_37' title="bbox 193 3476 1259 3564; baseline 0.004 -22"><span class='ocrx_word' id='word_1_283' title='bbox 193 3476 256 3542; x_wconf 85' lang='lat' dir='ltr'>Sed</span> <span class='ocrx_word' id='word_1_284' title='bbox 278 3500 388 3544; x_wconf 89' lang='lat' dir='ltr'>omnes</span> <span class='ocrx_word' id='word_1_285' title='bbox 413 3479 629 3564; x_wconf 83' lang='lat' dir='ltr'>absolventur,</span> <span class='ocrx_word' id='word_1_286' title='bbox 651 3499 710 3542; x_wconf 92' lang='lat' dir='ltr'>nec</span> <span class='ocrx_word' id='word_1_287' title='bbox 732 3478 869 3562; x_wconf 89' lang='lat' dir='ltr'>posthae</span> <span class='ocrx_word' id='word_1_288' title='bbox 887 3479 1059 3563; x_wconf 88' lang='lat' dir='ltr'>quisquam</span> <span class='ocrx_word' id='word_1_289' title='bbox 1082 3480 1209 3546; x_wconf 77' lang='lat' dir='ltr'>damna</span> <span class='ocrx_word' id='word_1_290' title='bbox 1256 3559 1259 3564; x_wconf 86' lang='lat'><strong>.</strong></span> 
     </span>
    </p>
   </div>
   <div class='ocr_carea' id='block_1_4' title="bbox 0 0 1299 3886">
    <p class='ocr_par' dir='ltr' id='par_1_6' title="bbox 0 0 1299 3886">
     <span class='ocr_line' id='line_1_38' title="bbox 0 0 1299 3886; baseline 0 0"><span class='ocrx_word' id='word_1_291' title='bbox 0 0 1299 3886; x_wconf 95' lang='lat' dir='ltr'> </span> 
     </span>
    </p>
   </div>
  </div>
 </body>
</html>
