2578 3886
293 228 296 235 Ι
322 157 580 213 EPISTULARUM
599 160 647 212 AD
667 159 832 214 ATTICUM
850 161 876 214 X
893 168 918 214 4.
1065 162 1131 226 297
1229 129 1232 135 ·

104 299 228 364 comite
251 301 437 384 proficiscar
455 323 574 388 magno
594 303 741 387 equidem
765 325 839 367 cum
858 302 968 367 dolore
987 325 1045 368 nec
1063 308 1134 370 tam
1172 341 1174 346 ·

105 389 142 451 id
166 393 300 472 propter
323 411 374 453 me
398 393 455 454 aut
476 394 609 474 propter
627 391 762 454 fratrem
784 413 900 471 meum,
925 413 1063 474 quorum
1081 396 1134 456 est

106 477 176 540 iam
199 481 270 540 acta
289 481 386 562 aetas,
410 500 507 561 quam
525 482 658 562 propter
676 501 803 562 pueros,
827 479 945 563 quibus
968 480 1132 544 interdum

106 565 256 628 videmur
278 570 442 648 praestare
466 567 565 630 etiam
583 589 651 630 rem
673 568 839 650 publicam
858 567 1013 631 debuisse.
1047 567 1133 643 Quo·

74 675 184 719 arum
209 653 337 738 quidem
360 655 442 717 alter
464 655 569 738 †n0n
591 659 667 738 tam,
692 656 768 739 quia
785 655 907 719 maiore
931 656 1053 739 pietate
1072 659 1132 740 est,

107 763 162 805 me
184 739 378 806 mirabiliter
402 743 576 827 excruciat,
599 743 682 807 alter
706 741 744 830 (o
768 765 836 807 rem
859 743 1024 808 miseram!
1047 744 1131 808 nihil

108 829 197 900 enim
220 829 302 893 mihi
326 830 441 894 accidit
464 829 499 893 in
527 831 616 894 omni
639 831 707 895 vita
736 830 901 918 acerbius)
929 832 1131 917 indulgentia

109 917 260 982 videlieet
282 922 396 982 nostra
417 919 610 1002 depravatus
631 940 668 983 eo
686 940 879 1004 progressus
898 924 957 1006 est,
981 943 1044 1004 quo
1064 942 1131 985 non

108 1006 211 1070 audeo
251 1006 364 1071 dicere.
418 1007 464 1070 Et
501 1010 651 1091 exspecto
686 1011 759 1072 tuas
791 1008 933 1090 litteras,
970 1009 1132 1092 scripsisti

59 1122 91 1160 10
108 1094 196 1158 enim
225 1098 257 1158 te
286 1095 482 1178 scripturum
510 1117 580 1159 esse
607 1095 714 1180 plura,
746 1118 818 1160 cum
850 1097 958 1180 ipsum
986 1096 1129 1161 vidisses.

108 1181 212 1246 Omne
235 1205 343 1247 meum
366 1183 559 1267 obsequium
585 1183 620 1246 in
647 1184 742 1248 illum
767 1185 831 1248 fuit
854 1206 927 1248 aum
956 1186 1061 1249 multa
1084 1187 1168 1249 se-6

106 1271 261 1356 veritate,
292 1293 396 1355 neque
429 1293 530 1336 unum
562 1272 630 1335 eius
661 1293 720 1336 nec
751 1295 900 1356 parvum,
939 1273 994 1336 sed
1027 1274 1130 1337 multa

106 1380 226 1444 magna
245 1359 361 1423 delicta
380 1359 564 1442 compressi.
601 1358 709 1424 Patris
729 1364 837 1426 autem
855 1360 973 1425 lenitas
995 1363 1130 1425 amanda

105 1448 218 1530 potius
243 1447 284 1511 ab
307 1448 365 1511 illo
390 1471 487 1533 quam
510 1452 578 1512 tam
600 1448 773 1512 crudeliter
795 1448 1001 1534 neglegenda.
1044 1448 1131 1513 Nam

58 1561 90 1602 15
105 1536 235 1599 litteras
260 1537 329 1600 eius
353 1537 393 1600 ad
418 1535 587 1600 Caesarem
609 1537 725 1600 missas
748 1536 796 1600 ita
818 1537 962 1621 graviter
985 1538 1132 1622 tulimus,

105 1629 145 1687 ut
167 1628 201 1687 te
225 1623 354 1707 quidem
383 1625 575 1708 celeremus,
605 1625 661 1688 sed
687 1624 791 1708 ipsius
819 1625 1000 1689 videremur
1027 1626 1129 1689 vitam

105 1713 275 1776 insuavem
299 1713 482 1776 reddidisse.
529 1712 601 1778 Hoc
621 1735 697 1777 vero
722 1713 790 1776 eius
814 1712 876 1776 iter
900 1712 1130 1797 simulatioque

105 1801 239 1884 pietatis
263 1800 369 1884 quahs
392 1801 505 1886 fuerit,
532 1823 599 1865 non
623 1800 723 1865 audeo
749 1800 866 1886 dicere3
894 1803 1024 1864 tantum
1053 1801 1131 1885 scio,

105 1892 183 1971 post
211 1887 357 1952 Hirtium
384 1893 580 1953 conventum
609 1889 798 1953 arcessitum
827 1911 846 1952 a
874 1886 1023 1972 Caesare,
1056 1909 1128 1952 oum

58 2002 90 2042 ao
106 1996 145 2040 eo
169 1975 208 2039 de
231 1997 303 2040 meo
327 1977 433 2041 animo
454 2000 473 2041 a
492 1978 560 2041 suis
584 1977 765 2041 rationibus
784 1976 983 2041 alienissimo
1005 1980 1037 2040 et
1056 1998 1130 2040 con-

106 2064 182 2130 silio
215 2065 417 2148 relinquendi
444 2064 587 2149 Italiam3
621 2069 654 2129 et
685 2066 765 2130 haee
796 2065 867 2148 ipsa
899 2064 1019 2128 timide.
1067 2063 1129 2129 Sed

104 2152 198 2216 nulla
224 2157 338 2217 nostra
365 2154 461 2236 culpa
489 2157 552 2236 est,
582 2157 701 2217 natura
732 2154 905 2218 metuenda
937 2156 995 2217 est.
1041 2152 1132 2217 Haec

105 2240 296 2326 Curionem,
328 2241 406 2306 haec
436 2240 593 2305 Hortensi
625 2241 742 2326 filium,
774 2263 841 2306 non
873 2245 1003 2325 patrum
1035 2241 1131 2325 culpa

105 2329 261 2412 corrupit.

58 2444 90 2484 25
174 2415 262 2481 Iacet
288 2418 324 2482 in
351 2439 495 2481 maerore
523 2440 613 2481 meus
641 2419 742 2482 irater
772 2439 876 2502 neque
908 2421 976 2480 tam
1004 2417 1041 2481 de
1071 2440 1131 2482 sua

104 2507 176 2570 vita
198 2527 297 2590 quam
324 2506 362 2569 de
389 2527 461 2570 mea
488 2505 615 2570 metuit.
660 2504 745 2570 Huic
773 2509 810 2570 tu
837 2505 946 2589 †huic
973 2509 1010 2568 tu
1038 2507 1125 2570 malo

105 2594 196 2659 adfer
228 2594 481 2680 consolationes,
512 2594 540 2657 si
572 2594 656 2657 ullas
689 2598 796 2678 potes3
826 2593 965 2657 maxime
999 2595 1129 2677 quidem

105 2683 198 2746 illam
225 2683 337 2767 velim,
365 2703 414 2767 ea,
447 2703 529 2766 quae
557 2682 597 2745 ad
624 2703 684 2745 nos
715 2681 821 2745 delata
849 2682 929 2766 sint,
962 2686 1018 2746 aut
1046 2683 1129 2746 falsa

106 2793 176 2835 esse
200 2774 256 2834 aut
279 2771 412 2834 minora.
455 2769 542 2846 Quae
565 2770 594 2833 si
616 2793 691 2834 vera
714 2771 789 2853 sint,
813 2770 890 2852 quid
913 2770 1059 2834 futurum
1085 2771 1130 2834 sit

60 2886 92 2926 ao
105 2860 144 2923 in
164 2858 225 2922 hae
247 2857 315 2922 vita
339 2862 371 2922 et
394 2859 485 2942 fuga,
509 2858 625 2922 nescio.
671 2856 770 2944 Nam,
794 2858 822 2922 si
844 2858 1036 2922 haberemus
1059 2881 1128 2922 rem

105 2946 285 3031 publicam,
312 2947 483 3010 consilium
510 2945 592 3010 mihi
619 2968 685 3010 non
713 2946 838 3010 deesset
867 2969 925 3010 nec
948 2947 988 3009 ad
1012 2948 1128 3010 severi-

106 3038 208 3100 tatem
231 3056 290 3099 nec
313 3035 353 3098 ad
375 3033 618 3118 indulgentiam.
656 3032 752 3098 Nunc
774 3034 852 3098 haec
876 3035 943 3098 sive
962 3034 1130 3098 iracundia

107 3123 176 3188 sive
199 3123 309 3187 dolore
334 3123 401 3186 sive
424 3125 513 3186 metu
535 3126 702 3205 permotus
725 3123 856 3206 gravius
881 3123 1006 3206 scripsi,
1030 3145 1127 3207 quam

107 3215 164 3275 aut
187 3216 264 3274 tuus
287 3212 322 3274 in
345 3211 438 3274 illum
462 3231 552 3274 amor
575 3215 631 3274 aut
654 3231 745 3274 meus
768 3211 971 3294 postulabat,
1000 3210 1027 3273 si
1050 3232 1128 3274 vera

63 3324 92 3365 es
106 3303 195 3378 sunt,
220 3298 382 3384 ignosces,
405 3299 433 3362 si
456 3298 550 3380 falsa,
577 3320 628 3362 me
651 3298 773 3361 libente
796 3298 912 3381 eripies
936 3297 1018 3361 mihi
1041 3297 1128 3361 hunc

105 3409 256 3452 errorem.
307 3386 444 3471 Quoquo
476 3387 572 3450 modo
605 3408 680 3451 vero
714 3408 747 3450 se
779 3408 830 3449 res
862 3385 1011 3471 habebit,
1042 3385 1128 3448 nihil

109 3475 294 3560 adsignabis
317 3496 377 3540 nec
400 3479 516 3559 patruo
540 3496 597 3538 nec
620 3475 715 3558 patri.
780 3548 784 3554 1
