2586 3886
246 134 507 190 EPISTULARUM
525 135 575 190 AD
594 134 758 190 ATTIOUM
776 135 816 190 IV
835 141 878 204 16,
898 141 940 190 17.
1042 133 1106 198 123

20 303 21 312 ¹
78 283 310 364 procuratores
334 299 445 363 ageres
469 301 513 344 an
535 301 592 362 per
611 283 644 344 te
667 279 784 364 ipsum,
805 282 844 343 ut
862 301 881 342 a
899 278 966 342 tuis
984 278 1105 343 totiens

78 374 110 435 et
136 372 212 432 tam
242 368 339 452 longe
369 368 506 432 abesses.
553 367 616 432 Sed
645 366 725 432 hacc
754 367 884 432 mallem
914 367 1041 451 integra
1070 387 1106 430 re

77 462 189 521 tecum
213 457 367 542 egissem,
390 456 534 539 profecto
559 456 645 520 enim
669 455 793 540 aliquid
816 455 963 540 egissem.
1008 453 1106 519 Nunc

78 545 259 628 reprimam
294 547 476 628 susceptam
513 544 780 629 obiurgationem.
833 541 968 610 Utinam
999 543 1106 608 valeat

50 633 120 697 aad
143 632 347 698 celeritatem
369 632 492 697 reditus
516 633 579 696 tui!

147 721 225 805 Ego
251 720 290 784 ad
313 724 345 784 te
365 723 536 804 propterea
553 721 660 784 minus
681 741 776 804 saepe
796 720 913 807 scribo,
936 719 1024 804 quod
1041 741 1106 785 cer-

78 815 153 874 tum
184 830 255 873 non
283 807 401 893 habeo,
435 808 492 873 ubi
527 808 572 872 sis
602 813 658 872 aut
692 808 751 873 ubi
779 809 910 872 futurus
941 809 1000 894 sis,
1029 807 1106 874 huic

78 902 194 962 tamen
216 897 325 960 neseio
349 897 417 982 cui,
440 896 526 980 quod
548 896 719 962 videbatur
742 896 800 961 isti
823 901 851 962 te
873 897 1002 962 visurus
1027 917 1106 981 csse,

78 985 198 1069 putavi
221 983 342 1049 dandas
366 1005 434 1048 esse
464 985 600 1050 litteras.
646 985 709 1070 Tu,
740 985 893 1068 quoniam
920 985 1043 1050 iturum
1072 989 1106 1049 te

41 1101 65 1138 10
79 1076 116 1138 in
133 1073 251 1138 Asiam
275 1094 345 1144 csse
368 1076 474 1159 putas,
497 1073 537 1136 ad
556 1095 638 1156 quae
656 1077 803 1156 tempora
821 1076 854 1136 te
874 1077 1106 1160 exspectemus,

79 1162 183 1227 facias
202 1183 254 1226 me
273 1160 443 1226 certiorem
461 1161 568 1244 velim,
587 1166 620 1225 et
640 1161 678 1225 de
691 1161 876 1245 Eutychide
894 1161 973 1246 quid
992 1162 1106 1249 egeris.

461 1336 557 1402 xvn
580 1337 731 1423 [xvnrp

334 1457 391 1515 Ser.
411 1459 516 1513 Romae
534 1459 571 1513 K.
594 1454 650 1514 occ.
670 1477 695 1513 a.
716 1463 772 1514 700
790 1462 860 1528 (54.)

410 1579 537 1636 CICERO
557 1581 689 1638 ATTICO
709 1581 784 1636 sla.

44 1718 69 1757 15
150 1690 236 1756 Puto
261 1694 295 1754 te
318 1689 503 1755 existimare
525 1712 576 1754 me
598 1712 684 1754 nunc
703 1689 843 1754 oblitum
864 1689 1106 1754 consuetudinis
1127 1708 1141 1755 1

83 1783 116 1844 et
140 1778 289 1843 instituti
310 1779 375 1844 mei
397 1779 502 1843 rarius
525 1779 568 1843 ad
589 1781 622 1842 te
646 1778 800 1863 seribere,
830 1799 927 1861 quam
950 1778 1107 1860 solebam3

84 1867 156 1951 sed,
186 1866 342 1950 quoniam
369 1867 441 1931 loca
471 1870 504 1930 et
533 1866 651 1931 itinera
680 1870 738 1930 tua
765 1866 850 1930 nihil
878 1865 998 1931 habere
1026 1866 1107 1930 certi

82 1955 189 2040 video,
210 1975 316 2038 neque
337 1954 372 2018 in
385 1954 523 2038 Epirum
541 1976 645 2038 neque
659 1953 805 2019 Athenas
823 1975 928 2038 neque
946 1954 982 2018 in
994 1952 1107 2018 Asiam

84 2044 239 2127 cuiquam
267 2041 333 2106 nisi
363 2043 402 2106 ad
432 2047 465 2106 te
495 2043 603 2126 ipsum
632 2043 851 2126 proficiscenti
874 2041 946 2106 dedi
968 2041 1107 2107 litteras.

47 2158 70 2196 20
83 2130 201 2215 Neque
225 2130 311 2194 enim
334 2134 410 2194 sunt
433 2131 590 2213 epistulae
613 2134 745 2196 nostrae
772 2152 837 2217 cae,
868 2152 949 2214 quae
979 2130 1008 2194 si
1038 2153 1109 2214 per-

83 2221 171 2283 latae
194 2240 263 2282 non
284 2218 364 2305 sint,
391 2218 476 2283 nihil
505 2241 542 2282 ea
571 2240 624 2284 res
653 2241 714 2284 nos
746 2219 907 2284 offensura
938 2219 995 2303 sit3
1026 2240 1108 2301 quae

83 2311 217 2372 tantum
233 2306 356 2370 habent
373 2307 613 2393 mysteriorum,
631 2312 669 2371 ut
688 2329 741 2371 eas
759 2329 800 2371 ne
818 2306 962 2372 librariis
978 2307 1108 2390 quidem

84 2396 153 2461 fere
177 2394 430 2481 committamus,
452 2416 493 2459 ne
517 2395 595 2478 quid
617 2396 726 2479 aliquo
750 2395 884 2460 excidat.

155 2481 314 2547 Consules
337 2482 478 2567 flagrant
500 2483 648 2568 infamia,
671 2483 757 2567 quod
781 2481 815 2547 O.
839 2483 1012 2548 Memmius
1036 2501 1143 2548 can-2

48 2598 72 2638 25
86 2571 218 2635 didatus
244 2571 428 2653 pactionem
454 2571 490 2635 in
512 2576 626 2636 senatu
655 2571 817 2656 recitavit,
849 2593 947 2654 quam
978 2572 1048 2654 ipse
1081 2576 1111 2636 ct

86 2681 165 2722 suus
189 2658 383 2741 competitor
401 2657 566 2724 Domitius
589 2680 663 2724 oum
686 2659 873 2724 consulibus
896 2659 1037 2744 fecisset,
1059 2659 1110 2723 uti

85 2747 182 2812 ambo
206 2745 263 2812 Hs
287 2747 491 2832 quadragena
515 2747 700 2812 oonsulibus
721 2748 842 2827 darent,
867 2748 896 2811 si
918 2750 1027 2812 essent
1045 2746 1109 2830 ipsi

86 2836 236 2899 consules
259 2835 351 2919 faeti,
373 2835 438 2900 nisi
460 2839 526 2901 tres
550 2856 687 2920 augures
711 2835 888 2920 dedissent,
919 2835 976 2919 qui
1000 2856 1034 2900 se
1057 2835 1110 2899 ad-

87 2923 189 2987 fuisse
220 2922 376 3008 dicerent,
405 2946 478 2988 eum
507 2924 561 2987 lex
590 2923 714 2988 curiata
742 2925 895 3008 ferretur,
930 2944 1012 3007 quac
1041 2923 1110 2987 lata

50 3037 75 3076 eo
87 3033 154 3075 non
178 3014 272 3097 esset,
295 3015 327 3074 et
350 3012 413 3075 duo
435 3010 629 3098 consulares,
653 3012 709 3095 qui
728 3034 762 3076 se
781 3012 923 3076 dicerent
941 3012 976 3075 in
996 3033 1111 3076 ornan-

88 3099 138 3162 dis
156 3099 331 3183 provineiis
346 3099 570 3164 consularibus
590 3100 758 3165 scribendo
778 3100 929 3186 adfuisse,
952 3121 1026 3165 oum
1044 3122 1111 3164 om-

87 3188 167 3251 nino
190 3209 232 3251 ne
254 3191 385 3252 senatus
410 3188 538 3271 quidem
560 3188 684 3254 fuisset.
721 3187 810 3252 Haeo
827 3188 934 3271 pactio
956 3210 1025 3253 non
1042 3210 1111 3254 ver-

88 3274 150 3361 bis,
168 3275 225 3339 sed
237 3275 424 3341 nominibus
438 3279 471 3341 et
484 3276 775 3360 perscriptionibus
790 3277 969 3340 multorum
987 3277 1110 3341 tabulis

90 3385 163 3427 cum
187 3385 256 3428 esse
278 3364 364 3429 faeta
387 3365 554 3448 diceretur,
577 3364 705 3447 prolata
723 3388 742 3429 a
760 3363 913 3429 Memmio
936 3367 986 3428 est
1009 3364 1112 3428 nomi·

53 3475 77 3516 ss
91 3452 188 3516 nibus
223 3452 364 3517 inductis
404 3456 535 3518 auctore
568 3452 732 3536 Pompeio.
784 3452 848 3516 Hic
874 3449 1002 3534 Appius
1043 3455 1112 3515 erat
