2616 3884
247 137 504 192 EPISTULARUM
523 138 572 191 AD
591 137 755 192 ATTIOUM
773 138 839 192 VIH
858 139 929 209 15A,
950 145 991 194 16.
1068 139 1134 202 253

119 301 158 345 ex
177 279 315 366 oppidis,
330 303 410 364 quos
427 280 580 346 honores!
596 280 780 363 ‘Metuunt’,
794 280 928 364 inquies.
954 279 1065 364 Credo,
1080 280 1135 346 sed

118 368 300 434 mehercule
322 370 416 433 illum
438 369 550 454 magis.
587 369 693 434 Huius
717 369 871 433 insidiosa
894 369 1061 433 clementia
1084 368 1135 433 de

119 457 289 542 lectantur,
303 457 391 521 illius
405 456 602 522 iracundiam
615 457 798 522 formidant,
821 456 945 522 Iudices
960 457 998 521 de
1012 473 1134 541 CCCLX,

122 545 178 628 qui
205 546 375 628 praecipue
400 543 508 610 Gnaeo
536 549 649 610 nostro
672 544 925 630 delectabantur,
954 545 1133 628 exquibus

95 633 239 699 scotidie
262 633 402 717 aliquem
425 633 532 716 video,
558 633 665 698 nescio
691 655 770 716 quas
798 633 866 697 cius
888 632 1038 697 Lucerias
1061 632 1133 696 hor-

121 725 203 786 rent.
249 720 363 806 Itaque
386 743 519 808 quaero,
542 722 599 805 qui
622 723 688 785 sint
710 721 767 785 isti
790 721 976 807 optimates,
1004 720 1060 804 qui
1082 743 1133 784 mc

123 809 310 894 exturbent,
336 831 409 874 oum
431 810 494 892 ipsi
516 810 602 874 domi
624 813 782 874 maneant.
829 807 891 873 Sed
913 813 1034 892 tamen,
1065 809 1133 892 qui-

122 919 258 981 cumque
282 902 371 980 sunt,
401 896 568 983 ‘atticoque
596 897 733 983 Toooc'.
778 897 867 982 Etsi,
897 919 960 981 qua
983 918 1039 981 spe
1061 918 1133 980 pro-

122 985 258 1070 ficiscar,
285 985 377 1049 video
401 987 623 1070 coniungoque
646 1008 696 1050 me
719 1006 792 1049 oum
813 984 944 1049 homine
966 985 1069 1070 magis
1092 985 1133 1048 ad

81 1101 108 1140 10
121 1074 311 1139 vastandam
332 1073 461 1154 Italiam
489 1096 586 1156 quam
613 1074 653 1137 ad
674 1073 865 1138 vincendum
892 1077 1005 1157 parato
1033 1073 1132 1137 domi·

120 1183 262 1245 numque
289 1165 447 1245 exspecto.
492 1161 538 1226 Et
567 1161 708 1246 quidem,
740 1183 812 1229 oum
839 1161 918 1225 haec
945 1161 1133 1245 scribebam,
1209 1213 1211 1219 s
1277 1137 1281 1158 ι

121 1267 174 1313 1111
188 1247 309 1334 Nonas,
328 1250 393 1313 iam
411 1250 634 1333 exspectabam
652 1249 776 1333 aliquid
793 1273 812 1312 a
829 1249 1012 1314 Brundisio.
1049 1248 1133 1324 Quid

122 1342 231 1402 eutem
250 1336 426 1420 ‘aliquid'?
445 1359 542 1421 quam
559 1337 632 1401 inde
650 1338 789 1421 turpiter
807 1336 954 1423 fugisset,
977 1341 1009 1401 et
1027 1337 1132 1402 victor

120 1424 261 1509 hicque
290 1447 324 1489 se
353 1426 486 1490 referret
515 1429 547 1490 et
577 1446 650 1509 quo.
695 1424 787 1500 Quod
816 1425 872 1489 ubi
901 1425 1074 1512 audissem,
1103 1425 1132 1489 si

68 1541 94 1581 rs
108 1514 164 1578 ille
184 1513 293 1598 Appia
315 1515 449 1612 veniret,
473 1534 533 1599 ego
552 1512 715 1598 Arpinum
744 1513 936 1597 cogitabam.
