2560 3880
201 171 267 235 488
532 171 570 225 M.
590 170 696 224 TULLI
714 167 902 224 CICERONIS
945 210 947 230 s

658 362 759 428 XXV.

352 485 409 540 eu.
423 486 455 540 a
476 463 631 540 roano
649 484 706 537 111
720 483 758 536 n.
775 482 868 552 curu.
883 499 909 536 a.
924 485 979 537 710
998 485 1070 550 (44).

505 604 652 662 CICERO
670 604 816 659 ATTICO
833 603 915 659 SAL.

268 715 317 780 De
343 737 415 779 meo
442 714 557 798 itinere
583 714 690 779 variae
721 712 911 794 sententiae3
942 709 1040 773 multi
1065 709 1155 772 enim
1178 708 1216 772 ad

202 825 261 868 me.
307 802 370 867 Sed
391 807 428 866 tu
450 801 607 886 incumbe,
629 821 759 886 quaeso,
780 800 816 864 in
838 821 908 863 earn
930 818 1048 862 curam.
1096 795 1244 880 Magnas

202 913 254 955 res
278 895 334 954 est.
370 889 424 954 An
445 890 576 976 probas,
598 889 626 953 si
649 889 689 953 ad
707 887 779 952 Kal
798 885 864 952 Ian.
879 884 1084 970 cogitamus?
1121 883 1214 947 Meus

203 979 328 1042 animus
356 981 405 1041 est
428 999 562 1061 aequus,
589 976 635 1040 sic
657 981 779 1059 tamen,
806 979 843 1038 ut
867 975 895 1038 si
917 972 1001 1038 nihil
1024 971 1213 1036 offensionis

204 1065 255 1130 sit.
295 1065 373 1149 fflt
395 1068 432 1129 tu
455 1065 551 1128 etiam
575 1064 664 1150 scire,
687 1085 751 1146 quo
775 1063 826 1126 die
850 1062 928 1126 olim
949 1059 1126 1144 piaculum,
1149 1081 1214 1141 my-

204 1152 302 1216 steria
325 1151 452 1216 scilicet.
497 1151 580 1235 †Ut
602 1155 640 1215 tu
663 1151 769 1234 scires,
796 1171 888 1213 casus
912 1147 1085 1213 consilium
1107 1147 1212 1210 nostri

203 1240 328 1304 itineris
360 1239 522 1303 iudicabit.
572 1237 765 1303 Dubitemus
797 1237 907 1322 igitur.
951 1235 1014 1298 Est
1047 1235 1138 1299 enim
1168 1234 1243 1297 hi-ro

203 1326 303 1390 berna
328 1326 492 1411 navigatio
521 1326 644 1410 odiosa,
673 1347 775 1408 eoque
804 1328 899 1389 exte
923 1323 1125 1406 quaesieram
1149 1343 1212 1403 my-

203 1415 374 1478 steriorum
397 1415 489 1478 diem.
534 1413 687 1498 Brutum,
712 1416 750 1476 ut
774 1411 897 1496 scribis,
926 1411 1032 1476 visum
1055 1410 1100 1474 iri
1122 1431 1143 1474 a
1165 1431 1212 1472 me

201 1506 290 1586 puto.
336 1502 408 1588 Ego
430 1501 506 1566 hinc
528 1500 602 1566 volo
625 1522 672 1583 pr.
695 1499 767 1564 Kal.

649 1707 766 1772 XXVI.

344 1830 401 1886 Sor.
415 1831 448 1883 io
465 1830 600 1898 Arpinati
623 1829 668 1884 VI
681 1829 755 1883 Nou.
775 1829 867 1898 Quint.
887 1844 912 1880 u.
928 1830 982 1881 710
1002 1829 1071 1894 (44).
1223 1837 1241 1876 1⁵

505 1950 650 2005 CICERO
666 1949 812 2004 ATTICO
830 1948 912 2004 SAL.

168 2096 182 2143 1
268 2061 317 2125 De
345 2059 457 2135 Quinti
487 2058 619 2142 negotio
650 2057 742 2121 video
770 2077 791 2121 u
817 2059 850 2120 te
878 2055 986 2119 omnia
1013 2054 1109 2118 facta.
1155 2053 1210 2118 Ille

201 2151 310 2213 tamen
333 2147 420 2212 dolet
443 2146 606 2229 dubitans,
634 2147 744 2208 utrum
766 2164 889 2208 morem
912 2145 1003 2227 gerat
1025 2141 1150 2225 Leptae
1173 2164 1211 2206 an

201 2236 297 2300 fidem
325 2235 466 2298 infirmet
493 2233 570 2298 filio.
614 2231 761 2296 Inaudivi
788 2229 823 2295 L.
845 2230 995 2294 Pisonem
1017 2229 1101 2294 velle
1126 2230 1209 2294 exire
1267 2305 1268 2310 γ

201 2323 345 2408 legatum
370 2321 612 2406 ψευὸεγγράφῳ
636 2323 765 2383 senatus
789 2317 944 2383 consulto.
990 2315 1099 2381 Velim
1122 2317 1240 2401 sciren
1267 2313 1268 2343 l

203 2411 281 2493 quid
307 2410 359 2473 sit.
404 2408 603 2472 Tabellarius
630 2406 698 2492 ille,
731 2427 826 2490 quem
853 2405 916 2470 tibi
942 2404 1086 2469 dixeram
1116 2427 1137 2468 a
1160 2425 1208 2466 me

202 2498 243 2560 ad
264 2497 403 2560 Brutum
432 2517 501 2559 esse
522 2495 671 2578 missum,
697 2495 733 2558 in
754 2492 962 2577 Anagninum
984 2491 1024 2555 ad
1047 2513 1099 2555 me
1121 2492 1208 2555 venit

203 2605 240 2647 ea
260 2587 368 2668 nocte,
397 2605 478 2666 quae
501 2582 647 2665 proxima
670 2586 744 2646 ante
766 2580 838 2645 Kal.
860 2581 933 2665 filit,
955 2579 1147 2662 litterasque
1171 2577 1207 2641 ad

201 2692 254 2734 me
276 2669 400 2753 attulit3
423 2668 597 2752 inquibus
620 2690 721 2732 unum
744 2669 884 2732 alienum
906 2689 1031 2731 summa
1054 2688 1114 2730 sua
1136 2688 1207 2748 pru·

203 2757 322 2841 dentia,
351 2757 436 2821 idem
457 2756 552 2842 illud,
578 2759 615 2820 ut
638 2760 778 2838 spectem
799 2755 892 2820 ludos
915 2775 999 2819 suos.
1045 2753 1237 2836 Rescripsiu

203 2844 324 2909 scilicet
350 2844 489 2926 primum
515 2866 567 2908 me
593 2844 658 2907 iam
680 2843 873 2928 profectum,
899 2845 937 2906 ut
958 2863 1022 2907 uon
1043 2841 1205 2926 integrum

203 2933 259 3017 sit3
290 2930 402 2995 deinde
424 2930 636 2996 ἀτοπώτατον
659 2953 728 2995 esse
751 2953 810 3016 me,
838 2931 894 3015 qui
915 2929 1052 2994 Romam
1077 2929 1205 2993 omnino

202 3019 376 3103 posthaec
398 3040 485 3082 arma
507 3040 574 3082 non
596 3019 780 3083 accesserim
802 3040 906 3102 neque
928 3016 962 3081 id
984 3021 1052 3082 tam
1074 3015 1205 3099 periculi

201 3107 265 3172 mei
292 3128 386 3170 causa
415 3105 544 3170 fecerim
570 3127 666 3188 quam
695 3105 876 3189 dignitatis,
909 3105 1018 3168 subito
1046 3104 1088 3167 ad
1114 3104 1204 3167 ludos

201 3195 317 3260 venire.
358 3192 429 3258 Tali
453 3193 538 3258 enim
559 3196 705 3276 tempore
726 3192 819 3257 ludos
841 3193 944 3257 facere
966 3191 1016 3256 illi
1034 3191 1236 3256 honestumu

201 3287 261 3368 est,
282 3281 333 3346 cui
355 3302 482 3345 necesse
504 3284 563 3364 est,
586 3284 729 3362 spectare
750 3279 840 3365 mihi,
862 3283 899 3344 ut
917 3301 982 3343 non
1001 3283 1051 3342 est
1069 3299 1204 3360 necesse,
1267 3345 1268 3372 q

203 3369 249 3432 sic
269 3389 311 3432 ne
332 3368 503 3432 honestum
526 3367 655 3450 quidem
677 3369 734 3430 est.
775 3367 933 3450 Equidem
955 3366 1030 3430 illos
1053 3365 1204 3429 celebrari
1267 3373 1268 3441 l

201 3459 234 3519 et
262 3477 330 3520 esse
358 3477 453 3538 quam
477 3451 682 3539 'gratissimos
712 3453 902 3518 mirabiliter
924 3454 1018 3537 cupio
1041 3453 1138 3536 idque
1160 3452 1205 3515 ita
1267 3446 1268 3518 ἶ
