2616 3884
298 193 302 201 ·
320 170 580 226 EPISTULARUM
598 171 648 225 AD
668 170 832 226 ATTIOUM
850 171 889 224 lx
908 177 987 244 o-r.⁴
1097 169 1162 234 263

210 311 276 377 Sed
299 318 371 378 acta
393 336 434 378 ne
458 337 607 401 agamus,
631 315 757 398 reliqua
779 336 937 398 paremus.
980 313 1038 378 -Me
1061 313 1199 378 adnuet

139 401 223 466 haec
256 402 319 466 duo
350 402 549 489 fefellemnt,
576 403 671 468 initio
703 424 776 487 spes
810 402 1070 486 compositionis,
1101 423 1166 485 qua

140 490 230 554 facta
242 489 392 554 volebam
410 491 460 554 uti
477 490 628 575 populari
642 491 719 574 vita,
734 490 950 556 sollicitudine
967 493 1165 554 senectutem

140 581 293 642 nostram
313 578 458 662 liberari3
488 579 600 643 deinde
631 579 753 644 bellum
783 578 911 652 crudele
934 584 966 643 et
990 579 1165 642 exitiosum

107 693 127 734 s
142 666 265 750 suscipi
283 689 304 730 a
321 666 475 751 Pompeio
495 666 732 751 intellegebam.
760 666 906 732 Melioris
924 667 1048 738 medius
1067 665 1164 730 fidius

142 755 224 819 ciris
247 758 280 818 et
303 755 368 820 viri
388 755 547 840 putabam
565 756 681 839 quovis
706 756 867 840 supplicio
886 755 980 820 adfici
999 777 1097 838 quam
1115 753 1166 818 illi

142 842 331 908 crudelitati
352 865 420 909 non
443 843 549 909 solum
567 865 724 928 praeesse,
747 866 860 914 uerum
877 844 978 910 etiam
999 844 1164 907 interesse.

140 929 283 996 Videtur
307 931 365 995 ‚rel
392 933 477 996 mori
507 931 610 996 setius
640 932 742 998 fuisse
772 954 869 1016 quam
900 953 970 996 esse
999 954 1072 996 cum
1104 929 1164 994 his.

9 1041 11 1078 ;
103 1047 106 1060 2
141 1018 196 1083 Ad
217 1017 299 1084 haec
321 1019 424 1106 igitur
446 1019 632 1104 regiani
654 1019 777 1104 Attice,
800 1021 853 1084 vel
874 1021 984 1104 potius
1008 1019 1164 1104 excogita

8 1129 10 1148 ’
93 1135 127 1176 ιο
142 1106 299 1183 Quemvis
320 1111 473 1172 eventum
499 1108 620 1174 fortius
648 1108 750 1172 feram
779 1130 877 1192 quam
903 1107 990 1174 hune
1012 1108 1165 1173 dolorem.

637 1319 675 1384 A.

328 1438 385 1495 Ser.
405 1441 609 1496 eutelamio.
629 1459 662 1494 m.
684 1441 772 1496 Mart,
793 1459 818 1496 a.
840 1444 895 1495 705
915 1443 984 1509 (49).

277 1609 279 1612 ,
348 1561 491 1620 CAESAR
509 1563 583 1620 IMP.
603 1563 630 1619 S.
648 1562 683 1618 D.
703 1561 875 1618 CICERONI
892 1562 966 1618 IMP.

213 1669 296 1736 Cum
318 1669 475 1735 Furnium
498 1675 647 1736 nostrum
670 1675 799 1736 tantum
818 1671 971 1735 vidissem
992 1691 1097 1752 neque
1119 1669 1166 1734 lo-

96 1785 126 1827 15
142 1760 202 1844 qui
219 1779 325 1843 neque
345 1759 454 1823 audire
471 1781 543 1823 meo
563 1760 730 1824 commodo
749 1759 938 1844 potuissem,
960 1778 1165 1842 properarem

142 1852 242 1932 atque
262 1869 366 1912 essem
384 1847 420 1911 in
437 1847 554 1910 itinere
573 1847 758 1932 praemissis
777 1848 843 1912 iam
860 1845 1054 1930 legionibus,
1076 1867 1165 1928 prae-

141 1937 242 2000 terire
272 1939 383 1999 tamen
410 1957 478 1999 non
507 1936 613 2021 potui,
644 1936 724 2020 quin
753 1938 786 2000 et
818 1934 990 1999 scriberem
1014 1934 1055 1997 ad
1076 1937 1110 1997 te
1133 1937 1165 1996 et

6 2087 8 2102 ,
143 2024 239 2088 illum
267 2024 430 2087 mitterem
461 2024 646 2108 gratiasque
676 2045 818 2108 agerem,
854 2023 915 2086 etsi
948 2021 1011 2086 hoc
1042 2024 1074 2086 et
1102 2021 1166 2084 feci

6 2111 18 2152 '¹
144 2133 239 2197 saepe
270 2116 302 2175 et
336 2111 465 2195 saepius
500 2112 581 2182 mihi
615 2113 761 2176 facturus
790 2111 910 2176 videor.
956 2109 1008 2174 Ita
1042 2110 1080 2172 de
1113 2131 1165 2173 me

6 2215 8 2226 ⁴
98 2228 129 2266 ao
143 2199 286 2265 mereris.
337 2198 377 2263 In
405 2198 519 2282 primis
544 2223 563 2264 a
588 2204 622 2264 te
651 2204 741 2284 peto,
775 2200 928 2283 quom'am
944 2197 1083 2278 confido
1113 2220 1165 2262 me

44 2287 47 2294 ⁴
144 2288 291 2354 celeriter
321 2288 362 2351 ed
391 2288 505 2352 urbem
534 2287 722 2373 venturum,
751 2291 789 2352 ut
818 2292 852 2351 te
881 2287 928 2351 ibi
958 2286 1098 2370 videam,
1127 2291 1165 2350 ut

144 2382 202 2442 tuo
226 2376 373 2458 oonsilio,
397 2376 512 2460 gratia,
536 2376 709 2462 dignitate,
733 2397 793 2460 ope
818 2376 1093 2456 omniumrerum
1115 2374 1165 2438 uti

144 2464 277 2549 possim.
322 2463 374 2528 Ad
409 2465 615 2548 propositum
650 2468 806 2549 revertar3
840 2463 1042 2528 festinationi
1075 2483 1165 2527 meae

143 2553 362 2636 brevitatique
389 2553 573 2617 litterarum
603 2553 760 2638 ignosces.
806 2551 945 2635 Reliqua
974 2573 1014 2616 ex
1043 2549 1164 2614 Furnio

100 2667 130 2708 aa
144 2662 328 2728 cognosces.

618 2780 690 2846 VH.

179 2946 182 2954 .
305 2902 362 2958 sa.
382 2903 414 2956 a
432 2901 799 2966 normannorum.
818 2919 844 2955 a.
865 2904 921 2956 705
940 2904 1009 2969 (re).

468 3023 597 3084 CICERO
615 3023 749 3086 ¹ATTICO
770 3023 844 3080 SAL.

213 3133 412 3218 Scripseram
436 3133 476 3198 ed
497 3137 531 3200 te
554 3133 737 3216 epistulam,
760 3153 859 3216 quam
878 3131 986 3196 darem
1004 3148 1057 3194 1111
1079 3128 1164 3194 Idus.
1185 3148 1199 3194 1

105 3248 132 3288 ao
147 3222 210 3288 Sed
233 3244 270 3286 eo
294 3221 411 3306 dieis,
440 3222 493 3286 cui
515 3221 591 3288 dare
614 3220 793 3305 volueram,
821 3241 890 3287 non
918 3222 969 3286 est
991 3218 1164 3301 profectus.

145 3309 246 3376 Venit
270 3313 384 3374 autem.
401 3331 438 3375 eo
462 3311 533 3393 ipso
558 3309 608 3374 die
631 3309 687 3372 ille
711 3307 897 3392 ‘celeripes',
920 3327 1016 3390 quem
1037 3303 1165 3369 Salvius

146 3399 281 3463 dixerat.
301 3423 304 3428 ·
326 3396 451 3463 Attulit
481 3396 659 3464 uberrimas
692 3400 765 3462 tuas
797 3396 938 3478 litteras3
973 3414 1054 3475 quae
1084 3391 1165 3455 mihi

146 3486 299 3571 quiddam
322 3485 416 3570 quasi
444 3485 604 3552 animulae
631 3485 845 3572 iristillarunt3
873 3483 1052 3546 recreatum
1080 3479 1166 3542 enim
