2616 3884
267 143 525 200 EPISTULARUM
542 147 592 201 AD
612 147 775 203 ATTIOUM
794 147 859 202 VIII
878 148 946 219 120,
965 149 998 206 D.
1072 149 1137 214 247

122 286 280 372 tempore
302 289 454 376 contigit,
490 290 576 373 quod
611 293 645 354 et
680 312 831 376 magnam
867 295 993 375 partem
1024 291 1138 358 Italiae

126 375 243 441 Caesar
266 378 443 464 occupavit,
466 382 498 443 et
520 398 580 443 nos
602 400 670 443 non
691 378 848 444 habemus
871 381 1046 444 exercitum
1068 384 1137 444 tam

126 465 269 548 amplum
291 487 395 550 neque
417 469 485 530 tam
507 488 662 552 magnum
685 489 781 550 quam
804 467 868 532 ille.
904 466 1019 553 Itaque
1040 469 1137 533 nobis

59 580 61 584 ¹
147 552 358 618 rovidendum
386 556 448 639 est,
479 558 517 620 ut
544 577 703 620 summam
730 555 777 620 rei
803 555 951 640 publicae
978 556 1137 621 rationem

100 575 309 707 odebeamus.
361 641 472 706 Etiam
504 647 602 726 atque
633 643 731 708 etiam
767 647 800 708 te
831 642 958 730 hortor,
994 648 1031 708 ut
1064 666 1138 709 cum

127 729 215 794 omui
242 729 334 814 copia
362 752 458 814 quam
485 731 626 813 primum
655 731 696 795 ad
722 753 775 796 me
796 731 914 796 venias.
959 731 1137 797 Possumus

127 818 225 882 etiam
241 838 328 882 nunc
344 839 413 882 rem
431 818 593 902 publicam
612 812 742 904 erigere,
765 819 794 885 si
817 819 980 884 communi
1003 821 1136 885 consilio

126 905 293 990 negotium
312 904 623 991 admInistrtbimus3
647 907 676 972 si
694 906 920 995 distrahemur,
939 909 1060 974 infirmi
1079 908 1138 974 eri-

126 1015 207 1058 mus.
254 992 338 1058 Mihi
359 992 422 1059 hoc
443 995 657 1067 constitutum
681 999 736 1059 est

85 1108 112 1147 ro
191 1080 255 1145 His
281 1081 401 1146 litteris
428 1082 556 1165 scriptis
584 1082 675 1148 Sicca
697 1083 755 1147 abs
782 1086 816 1147 te
843 1083 925 1148 mihi
951 1084 1078 1149 litteras
1105 1088 1175 1150 etc

125 1170 277 1235 mandata
300 1170 421 1234 attulit.
466 1169 560 1246 Quod
586 1191 638 1235 me
664 1169 809 1257 hortare,
835 1176 873 1236 ut
896 1173 982 1237 istuc
1003 1173 1139 1259 veniam,

125 1259 160 1322 id
187 1279 239 1322 me
265 1257 369 1323 facere
394 1278 461 1322 non
489 1258 631 1323 arbitror
662 1279 770 1347 posse,
803 1260 889 1343 quod
919 1282 988 1325 non
1019 1283 1138 1347 magno

126 1367 222 1434 opere
244 1345 296 1409 his
319 1346 501 1432 legionibus
525 1347 657 1412 confido

611 1521 650 1587 D.

83 1655 110 1695 a
315 1642 373 1699 sor.
391 1642 526 1700 neeriae
543 1643 630 1698 nm
643 1643 681 1698 rs.
701 1645 789 1701 Marc.
808 1647 864 1700 705
883 1647 952 1714 (49).

192 1765 248 1821 GN.
268 1765 422 1822 MAGNUS
440 1765 588 1822 PROCOS.
608 1768 635 1822 S.
654 1767 687 1822 D.
705 1767 736 1823 L.
754 1765 910 1822 DOMITIO
928 1765 1076 1824 Paocos.

189 1872 333 1938 Litterae
362 1873 445 1938 mihi
476 1898 496 1939 a
522 1878 556 1938 tc
582 1875 725 1939 redditae
759 1878 836 1940 sunt
864 1897 890 1939 a.
919 1875 947 1940 d.
975 1891 1039 1938 xm
1065 1875 1173 1941 Kall

123 1961 275 2048 Martias,
302 1962 337 2025 in
369 1963 486 2046 quibus
515 1963 629 2028 scribis
658 1962 826 2028 Gaesarem
854 1963 938 2046 apud
962 1962 1138 2028 Corfinium

124 2054 231 2115 castra
262 2049 418 2134 posuisse.
465 2049 556 2126 Quod
587 2051 699 2135 putavi
727 2055 759 2116 et
785 2051 988 2136 praemonui,
1017 2052 1070 2138 fit,
1100 2056 1138 2116 ut

81 2161 182 2206 ronco
205 2138 241 2202 in
262 2139 443 2222 praesentia
465 2139 666 2204 committere
689 2143 795 2203 tecum
822 2139 980 2224 proelium
1003 2140 1082 2206 velit
1105 2145 1137 2205 et

124 2227 277 2291 omnibus
301 2226 401 2309 copiis
425 2226 590 2291 conductis
617 2231 650 2291 te
677 2227 834 2314 implicet,
862 2248 904 2292 ne
931 2228 971 2292 ad
996 2250 1048 2293 me
1074 2229 1138 2293 iter

122 2315 188 2379 tibi
211 2314 397 2398 expeditum
420 2315 463 2378 sit
486 2318 583 2399 atquo
605 2314 685 2380 istas
709 2316 817 2399 copias
838 2315 1032 2401 coniungere
1055 2317 1137 2400 cpti-

122 2423 253 2467 morum
275 2402 394 2466 civium
417 2403 523 2486 possis
547 2425 620 2467 cum
642 2403 694 2467 his
716 2404 912 2488 legionibus,
940 2405 977 2468 de
1000 2427 1136 2488 quarum

122 2491 293 2556 voluntate
320 2491 514 2555 dubitamus,
559 2488 629 2567 Quo
661 2491 759 2556 etiam
790 2493 895 2577 magis
921 2493 988 2556 tuis
1015 2493 1135 2557 litteris

81 2605 109 2646 aa
125 2601 198 2644 sum
226 2582 416 2644 commotus.
461 2577 575 2662 Neque
607 2579 692 2644 enim
725 2601 836 2644 eorum
867 2580 1022 2667 militum,
1054 2603 1135 2664 quos

122 2689 251 2732 mecum
273 2665 388 2751 habeo,
410 2666 577 2733 voluntate
601 2668 680 2732 satis
703 2667 842 2753 confido,
864 2671 902 2732 ut
925 2668 963 2732 de
986 2670 1136 2734 omnibus

121 2754 264 2820 fortunis
291 2755 339 2819 rei
366 2754 513 2839 publicae
540 2755 700 2839 dimicem,
731 2777 835 2840 neque
866 2757 977 2840 etiam,
1009 2757 1066 2840 qui
1097 2779 1136 2821 ex

122 2843 295 2908 dilectibus
320 2843 493 2926 conscripti
516 2847 592 2908 sunt
615 2843 812 2931 consulibus,
835 2849 1059 2909 convenerunt.

191 2930 297 3008 Quare
319 2931 359 2996 da
382 2953 525 3016 operam,
555 2933 584 2996 si
605 2931 672 2996 ulla
693 2932 818 2997 ratione
842 2933 940 2997 otiam
961 2953 1047 2996 nunc
1069 2933 1171 2998 effi-2

80 3046 109 3085 ao
123 3041 194 3086 cere
216 3023 324 3106 potes,
351 3023 388 3083 ut
410 3024 443 3082 te
466 3019 619 3106 explices,
644 3019 707 3085 hoc
731 3042 827 3104 quam
853 3021 995 3104 primum
1017 3022 1136 3106 venias,

123 3111 298 3192 antequam
330 3129 440 3172 omnes
472 3107 584 3192 copiae
615 3109 659 3173 cd
689 3108 907 3173 adversarium
936 3108 1135 3174 conveniant.

121 3195 238 3280 Neque
261 3195 347 3260 enim
371 3195 516 3260 celeriter
543 3218 581 3260 ex
609 3195 778 3262 dilectibus
805 3195 868 3261 hoc
893 3195 1040 3261 homines
1064 3218 1136 3262 con·

122 3285 234 3349 venire
256 3288 407 3367 possunt,
436 3288 482 3367 et,
511 3284 540 3347 si
563 3285 783 3370 convenirent,
811 3288 966 3368 quantum
990 3284 1030 3348 iis
1052 3306 1136 3349 com·

121 3372 320 3437 mittendum
344 3372 397 3457 sit,
420 3372 476 3455 qui
498 3372 583 3436 inter
606 3394 639 3436 se
662 3395 703 3437 ne
724 3372 796 3436 noti
814 3374 936 3454 quidem
955 3375 1040 3458 sunt,
1064 3393 1138 3436 con·

78 3485 106 3525 es
121 3465 175 3526 tra
197 3464 365 3526 veteranas
389 3459 543 3546 legiones,
564 3482 632 3526 non
654 3463 688 3524 te
710 3460 872 3543 praeterit.
