2578 3886
269 145 531 201 EPISTULARUM
550 147 600 199 AD
620 148 784 202 ATTICUM
803 149 842 202 IX
862 156 903 218 15,
924 156 965 204 16.
1062 151 1126 214 287

100 289 185 352 dies
210 289 268 352 ibi
291 291 534 374 commorari,
559 290 696 354 deinde
719 293 755 354 in
776 291 987 375 Hispanias
1006 295 1128 376 profi-

102 379 212 442 cisci.
260 376 384 442 Nobis
408 400 486 442 non
509 379 676 443 alienum
699 380 825 443 uisum
849 385 921 465 cst,
945 382 1126 464 quoniam

102 466 147 529 de
172 467 338 530 adventu
363 463 542 530 Caesaris
565 490 633 550 pro
658 472 766 531 certo
789 468 1038 554 habebamus,
1061 493 1127 552 pu—

104 576 191 618 eros
219 558 309 618 tuos
342 554 386 618 ad
413 559 451 618 te
479 556 695 639 remittere,
723 561 765 620 ut
787 556 825 619 id
847 562 889 621 tu
913 580 1027 641 quam
1049 559 1126 641 pri-

71 665 205 712 5mum
243 643 371 707 scires,
427 642 606 707 Mandata
635 648 701 707 tua
733 645 847 708 nobis
878 667 990 709 curae
1023 650 1128 731 sunt,

105 753 239 815 eaque,
267 735 309 794 ut
337 735 488 814 tempus
516 732 749 815 postularit,
778 754 940 817 egemus.
987 733 1126 798 Treba·

104 819 187 882 tius
216 819 348 882 sedulo
377 819 487 905 facit,
514 824 555 882 ut
583 821 794 884 antecedat.

173 906 359 989 Epistula
400 909 621 990 conscripta
657 909 880 973 nuntiatum
917 914 975 974 est
1011 910 1128 974 nobis

105 994 309 1060 Caesarem
347 1018 373 1059 a.
408 996 435 1060 d.
466 1014 529 1059 vm
558 995 598 1060 K.
626 996 747 1080 April.
780 997 992 1062 Beneventi
1025 1013 1126 1062 man-

58 1115 89 1152 ιο
105 1106 252 1166 surum,
282 1106 307 1147 a.
328 1084 426 1148 d.v11
450 1082 614 1170 Capuae,
638 1108 663 1148 a.
684 1085 769 1149 d.v1
792 1083 1003 1152 Sinuessae.
1046 1085 1127 1151 Hoc

103 1194 175 1256 pro
206 1176 313 1236 certo
342 1172 543 1255 putamus!

573 1365 661 1432 XVI.

267 1487 324 1544 Ser.
339 1489 372 1542 ia
390 1487 543 1543 Formiano
567 1489 630 1542 VII
644 1489 681 1541 K.
697 1488 766 1556 Apr.
783 1505 808 1542 u.
825 1483 880 1542 705
900 1491 969 1556 (49).

411 1611 558 1667 CICERO
576 1611 724 1667 ATTICO
742 1611 824 1666 SAL.

57 1751 87 1792 15
173 1719 266 1806 Cum,
290 1721 376 1804 quod
400 1720 572 1786 scriberem
596 1720 635 1783 ad
659 1724 700 1804 te,
723 1720 806 1783 nihil
825 1719 1126 1806 haberemtamen,
1146 1739 1160 1788 1

103 1833 142 1874 ne
167 1831 263 1893 quem
287 1810 371 1873 diem
393 1809 653 1892 intermitterem,
679 1808 738 1872 has
762 1808 834 1872 dedi
856 1809 992 1872 litteras.
1038 1809 1077 1873 A.
1097 1811 1125 1874 d.

103 1916 142 1962 Vl
164 1897 203 1962 K.
224 1896 394 1962 Caesarem
415 1895 585 1961 Sinuessae
609 1918 799 1960 mansurum
821 1897 1025 1960 nuntiabant.
1072 1897 1125 1962 Ab

104 2008 143 2050 ec
166 1985 249 2050 mihi
272 1986 401 2050 litterae
424 1986 567 2049 redditae
590 1989 712 2049 sunta.
732 1985 760 2049 d.·
780 1983 897 2068 vnK,
922 1985 1040 2068 quibus
1059 1986 1125 2050 iam

104 2075 206 2158 ‘opes'
235 2096 336 2157 meas,
363 2096 431 2138 nen
459 2078 496 2137 ut
524 2073 745 2156 superioribus
772 2073 893 2138 litteris
923 2073 1041 2156 ‘opem'
1074 2097 1125 2138 cx-

58 2196 88 2235 20
103 2166 238 2246 spectat.
278 2161 360 2226 Cum
382 2163 451 2227 eius
476 2162 679 2226 clementiam
698 2160 931 2226 Corfiniensem
954 2162 1044 2225 illam
1068 2185 1126 2246 per

100 2253 231 2316 litteras
256 2251 533 2336 collaudavisscm,
556 2251 723 2334 rescripsit
745 2251 807 2314 hoe
831 2250 990 2333 exemplo:

214 2379 392 2434 ‘CAESAR
415 2380 497 2433 IMP.
519 2378 722 2434 CICERONI
744 2379 828 2433 IMP.
844 2379 926 2433 SAL.
940 2379 1017 2435 DIC.

171 2497 289 2562 Recte
318 2498 526 2583 auguraris
555 2498 597 2562 de
625 2520 681 2561 me
709 2496 819 2585 (bene
843 2497 942 2561 enim
965 2497 1042 2561 tibi
1066 2517 1160 2564 co·2

102 2587 237 2673 gnitus
262 2585 362 2674 sum)
385 2587 485 2650 nihil
505 2609 523 2650 a
542 2608 598 2650 me
622 2587 756 2650 abesse
778 2586 935 2670 longius
959 2587 1125 2650 crudeli-

59 2704 88 2745 25
103 2680 194 2740 tate.
231 2675 358 2758 Atque
382 2696 450 2760 ego
474 2697 557 2738 curn
582 2697 624 2738 ex
648 2675 732 2757 ipsa
755 2696 793 2737 re
816 2694 990 2758 magnam
1014 2676 1123 2757 capio

103 2765 347 2846 voluptatem
379 2768 460 2828 tum
487 2785 607 2826 meum
636 2764 782 2826 factum
809 2763 968 2846 probari
997 2764 1124 2826 abste

103 2851 303 2934 triumpho
327 2851 476 2936 gaudio,
497 2850 645 2934 ·Neque
669 2850 766 2914 illud
785 2855 1001 2934 memoret,
1024 2851 1125 2934 quod

104 2941 148 3023 ii,
172 2941 237 3024 qui
261 2963 280 3004 a
302 2962 358 3003 me
381 2940 534 3003 dimissi
553 2944 656 3023 sunt,
680 2939 910 3004 discessisse
930 2940 1124 3024 dicuntur,

104 3033 148 3092 ut
175 3028 270 3093 mihi
298 3050 432 3092 rursus
460 3029 604 3091 bellum
634 3027 835 3092 inferrent.
885 3026 997 3091 Nihil
1025 3029 1124 3092 enim

62 3117 206 3185 somalo
244 3139 355 3200 quam
393 3120 429 3179 ct
466 3138 521 3179 me
557 3118 629 3180 mei
662 3116 827 3180 similem
860 3137 942 3180 esse
975 3116 1122 3179 etillos

106 3205 174 3270 sui.
222 3205 275 3268 Tu
307 3204 423 3269 velim
451 3205 545 3267 mihi
573 3204 618 3268 ad
645 3205 778 3268 urbem
805 3207 957 3287 praesto
986 3205 1053 3286 sis,
1082 3207 1159 3268 ut3

105 3295 184 3358 tuis
221 3293 401 3358 consiliis
439 3296 553 3376 atque
592 3292 743 3376 opibus,
781 3295 822 3355 ut
855 3293 1051 3375 consuevi,
1084 3291 1124 3354 in

1 3418 2 3422 =
106 3381 283 3446 omnibus
306 3381 420 3446 rebus
444 3385 539 3445 uter.
580 3379 786 3444 Dolabella
809 3385 875 3444 tuo
899 3379 999 3443 nihil
1023 3379 1122 3442 scito

104 3471 200 3534 mihi
228 3490 311 3534 esse
338 3470 554 3534 iucundius.
606 3468 713 3532 H'anc
741 3469 832 3532 adeo
859 3467 1010 3531 habebo
1039 3487 1123 3551 gra-
