2564 3880
153 139 222 202 460
478 139 516 194 M.
535 139 644 194 TULLI
663 139 854 196 CICERONIS

153 283 312 368 volemus,
344 283 438 348 facilc
471 283 661 348 auferemus.
713 283 892 368 Exspecta,
924 283 966 367 si,
998 286 1037 347 ut
1069 285 1171 367 putas,

154 370 189 435 L.
213 370 377 438 Antonius
405 371 559 455 produxit
583 369 767 457 Octavium,
798 372 904 455 qualis
933 371 1045 436 contio
1068 370 1170 436 lirerit.

221 458 309 523 Haec
328 459 443 543 scripsi
461 461 587 542 ruptim.
620 457 738 524 Statim
758 460 844 524 enim
863 458 957 525 Cassi
975 459 1170 523 tabellarius.

153 547 255 612 Eram
282 548 436 612 continuo
463 548 582 612 Piliam
609 548 825 634 salutaturus,
851 548 964 612 deinde
994 547 1035 612 ad
1063 547 1171 631 epulas

153 633 286 701 Vestori
308 635 464 700 navicula.
510 635 639 702 Atticae
661 636 834 720 plurimam
857 637 1002 702 salutm
1183 659 1193 698 s

675 881 759 946 XXl

328 1019 385 1074 Sor.
399 1021 432 1072 in
450 1019 604 1074 Puteolano
627 1019 654 1073 V
669 1020 714 1075 Id.
730 1020 804 1074 Mai.
819 1038 844 1074 a.
862 1023 916 1074 710
935 1022 1004 1087 (44).

505 1159 651 1216 CICERO
669 1159 822 1214 ATTICO.

121 1302 133 1348 1
223 1282 305 1349 Cum
337 1285 434 1368 paulo
466 1289 542 1349 ante
568 1285 726 1349 dedissem
755 1285 795 1350 ad
822 1288 855 1349 te
883 1282 975 1350 Cassi
1003 1285 1171 1350 tabellario
1251 1324 1252 1340 .

154 1374 295 1458 litteras,
325 1391 349 1437 v
381 1372 458 1437 Idus
490 1373 580 1438 venit
612 1378 724 1438 noster
755 1373 944 1437 tabellarius
973 1376 1018 1436 et.
1035 1373 1204 1456 quidemn
1251 1385 1252 1410 ¹

154 1461 299 1544 portenti
329 1462 448 1547 simile,
480 1462 548 1526 sine
578 1461 645 1526 tuis
676 1461 806 1525 litteris.
857 1459 919 1525 Sed
952 1461 1017 1525 cito
1051 1462 1171 1526 conieci
1252 1440 1253 1520 l

155 1548 280 1614 Lanuvi
311 1554 345 1613 te
371 1550 480 1614 fuisse.
525 1549 611 1614 Eros
639 1553 748 1614 autem
775 1549 956 1635 festinavit,
987 1553 1026 1614 ut
1054 1550 1095 1613 ad
1121 1571 1172 1613 me
1253 1595 1254 1600 η

153 1637 283 1701 litterae
305 1637 494 1702 Dolabellae
522 1637 740 1721 perferrentur
767 1659 834 1702 non
862 1637 900 1701 de
927 1658 963 1701 re
985 1659 1057 1701 mea
1079 1635 1172 1723 (non-
1254 1674 1255 1684 κ

155 1726 231 1789 dum
254 1726 340 1790 enim
362 1748 450 1790 meas
475 1725 663 1814 acceperat),
686 1726 741 1790 sed
763 1725 929 1810 rescripsit
950 1725 990 1789 ad
1009 1748 1073 1811 eas,
1097 1748 1172 1810 qua-

118 1829 226 1877 arum
250 1815 431 1898 exemplum
454 1814 516 1878 tibi
539 1813 700 1898 miseram,
730 1835 806 1878 sane
827 1813 999 1878 luculente.
1046 1811 1206 1878 Admau

154 1906 272 1986 autem,
298 1924 372 1966 cum
396 1901 487 1966 Cassi
509 1902 715 1970 tabellarium
738 1901 940 1986 dimisissem,
963 1901 1077 1966 statim
1100 1902 1172 1966 Bal-

153 1990 222 2054 bus.
256 1989 283 2054 0
303 1991 354 2055 dei
372 1991 461 2074 boni,
475 2013 572 2074 quam
592 1991 685 2054 facile
703 1990 900 2073 perspiceres
920 1991 1034 2054 timere
1054 1990 1172 2054 otium!

153 2076 199 2140 Et
221 2079 311 2142 nosti
333 2079 449 2162 virum,
472 2101 570 2162 quam
592 2082 708 2142 tectus.
745 2077 808 2143 Sed
826 2082 935 2142 tamen
953 2077 1079 2142 Antoni
1099 2100 1172 2142 con-

154 2166 228 2230 silia
249 2167 416 2250 narrabat3
439 2167 532 2230 illum
556 2167 722 2231 circumire
744 2169 924 2251 veteranos,
946 2169 984 2230 ut
1003 2169 1075 2230 acta
1094 2165 1171 2231 Cae

153 2255 235 2318 saris
273 2254 434 2318 sancirent
466 2255 562 2338 idque
595 2277 629 2319 se
660 2255 804 2318 facturos
837 2275 906 2318 esse
937 2255 1096 2339 iurarent,
1132 2259 1171 2318 ut
1184 2281 1207 2319 eo

153 2346 258 2405 castra
282 2363 391 2405 omnes
414 2342 580 2428 haberent,
603 2364 703 2426 eaque
727 2343 888 2407 duumviri
912 2343 1062 2408 omnibus
1085 2364 1171 2407 men-

152 2429 241 2492 sibus
273 2429 477 2512 inspicerent.
524 2429 664 2506 Questus
697 2433 746 2494 est
775 2431 872 2494 etiam
895 2430 934 2494 de
958 2452 1016 2494 sua
1038 2431 1171 2516 invidia,

152 2537 252 2600 eaque
276 2517 381 2580 omnis
405 2519 474 2582 eius
498 2519 602 2583 oratio
625 2518 698 2602 fuit,
728 2522 765 2582 ut
789 2540 896 2582 amare
918 2518 1082 2583 videretur
1104 2517 1171 2583 An-

115 2605 287 2667 atonium.
321 2603 404 2679 Quid
423 2607 574 2689 quaeris?
604 2606 689 2669 nihil
708 2606 831 2670 sinceri.
873 2606 957 2670 Mihi
975 2611 1085 2672 autem
1102 2629 1172 2671 non

151 2695 201 2755 est
225 2692 376 2777 dubium,
408 2695 487 2777 quin
515 2716 566 2758 res
595 2697 719 2778 spectet
746 2695 786 2758 ad
814 2698 926 2758 castra.
971 2693 1055 2759 Acta
1084 2697 1170 2760 cuim
1183 2718 1206 2759 as

151 2780 208 2843 illa
234 2801 286 2843 res
315 2785 365 2844 est
387 2782 494 2845 auimo
517 2783 604 2846 virili
611 2834 620 2866 ‚
648 2782 783 2846 oonsilio
807 2783 933 2866 puerili.
980 2782 1059 2857 Quis
1085 2785 1170 2847 euim

150 2867 213 2931 hoc
239 2889 306 2931 non
328 2869 424 2955 vidit,
454 2871 546 2954 regui
568 2869 719 2934 heredem
741 2870 913 2935 relictum?
951 2869 1036 2947 Quid
1059 2875 1170 2936 autem

151 2956 346 3020 absurdius?

151 3060 247 3125 ‘Hoc
279 3064 462 3146 metuere,
495 3062 657 3126 alterum
690 3062 729 3127 in
760 3069 863 3129 metu
894 3086 969 3128 non
995 3066 1168 3148 pdnere'!

151 3182 237 3258 Quin
255 3185 353 3248 etiam
371 3184 433 3249 hoc
451 3184 523 3268 ipso
542 3189 688 3269 tempore
707 3187 811 3251 multa
824 3188 1038 3253 ὑποσόλοικα.
1071 3187 1168 3253 Ponti
1181 3213 1206 3252 ao

150 3269 404 3355 Neapolitanum
428 3277 572 3337 amatre
595 3274 822 3356 tyrannoctoni
846 3275 1016 3358 possideril
1048 3275 1168 3360 Legen-

152 3358 211 3422 dus
235 3359 317 3423 mihi
336 3361 463 3443 saepius
482 3365 532 3424 est
551 3359 645 3424 ‘Cato
663 3361 777 3426 maior’
797 3363 838 3426 ad
856 3367 889 3426 te
908 3364 1035 3429 missus.
1073 3363 1169 3429 Arua-

151 3445 270 3511 riorem
303 3447 389 3512 enim
420 3471 472 3512 me
505 3452 651 3512 senectus
684 3448 770 3513 facit.
825 3448 1018 3516 Stomachor
1051 3454 1167 3518 omnia.

42 3767 169 3826 Q
