2564 3880
146 184 213 249 468
469 182 507 236 Μ.
527 182 635 235 TULLI
653 179 843 236 CICERONIS

630 411 686 476 IV.

327 534 385 590 Ser.
400 535 433 588 in
450 533 586 602 Arpinati
603 533 653 586 IX
670 532 708 586 K.
727 532 793 585 Iun.
808 549 834 586 a.
851 534 906 586 710
924 533 994 598 (44).

464 653 611 710 CICERO
628 653 775 708 Arrrco
794 652 877 707 SAL.

115 784 130 831 1
216 783 255 830 lx
299 765 338 829 Κ,
366 762 407 827 Η.
436 781 461 826 x
493 763 560 826 fere
596 784 615 825 a
652 760 686 836 Q.
719 759 812 824 Fufio
849 760 939 824 venit
970 759 1168 823 tabellarius.
1262 777 1263 812 ὲ

149 853 267 919 Nescio
292 852 370 937 quid
393 852 432 915 ab
456 873 494 915 ec
517 849 749 934 litterularum,
776 849 826 912 uti
853 870 905 912 me
934 847 997 911 sibi
1020 847 1169 911 restitue
1193 872 1203 912 a

149 965 225 1006 rem.
277 939 360 1004 Sane
394 939 530 1022 insulse,
562 942 599 1001 ut
627 938 722 1020 solet,
753 937 817 1000 nisi
844 936 944 1021 forte,
976 956 1073 1018 quem
1105 957 1170 999 non

151 1052 248 1111 ames,
270 1029 310 1093 cb
333 1048 366 1092 co
391 1026 499 1090 omnia
522 1027 672 1089 videntur
695 1025 814 1088 insulse
841 1024 920 1088 fieri.
967 1020 1091 1106 Scripsi
1115 1024 1169 1106 ita,

151 1125 189 1182 ut
211 1121 245 1180 te
267 1116 482 1198 probaturum
506 1114 665 1178 existimo.
711 1112 794 1176 Mihi
813 1112 935 1205 duasxa
956 1115 989 1174 te
1013 1110 1169 1195 epistulas

150 1204 302 1289 reddidit,
331 1225 429 1267 unam
456 1220 507 1286 xl,
530 1203 664 1266 alteram
687 1219 719 1264 x.
765 1199 818 1264 Ad
840 1199 1052 1263 recentiorem
1079 1199 1169 1282 prius

150 1294 225 1374 †et
252 1292 407 1356 leniorem
435 1289 546 1374 laudo,
579 1290 706 1352 sivero
731 1288 829 1352 etiam
852 1285 1056 1371 Carfulenus,
1085 1287 1169 1351 ‘dvc
1182 1312 1204 1351 ιο

151 1379 329 1464 ποταμῶν’.
374 1377 500 1442 Antoni
527 1377 661 1441 consilia
684 1398 796 1440 narras
819 1375 1015 1439 turbulenta.
1061 1372 1170 1457 Atque
1262 1371 1263 1398 ³

151 1469 276 1531 utinam
299 1467 409 1550 potius
432 1488 488 1549 per
517 1466 674 1549 populum
704 1471 779 1548 agat
804 1485 900 1546 quam
928 1464 1169 1547 personatum!

151 1555 236 1638 †cui
269 1556 398 1638 quidem
429 1554 476 1618 ita
503 1554 605 1618 credo.
657 1550 719 1615 Sed
749 1551 831 1614 mihi
862 1555 969 1614 totum
996 1551 1066 1614 eius
1100 1572 1170 1614 con-

152 1644 261 1707 silium
284 1643 324 1707 ad
342 1642 463 1706 bellum
485 1644 629 1724 spectare
648 1641 783 1725 videtur,
806 1639 835 1703 si
858 1639 986 1722 quidem
1008 1637 1048 1702 D.
1068 1637 1169 1702 Bruto

152 1731 317 1815 provincia
365 1731 509 1814 eripitur.
571 1727 706 1811 Quoquo
755 1728 851 1791 modo
895 1747 954 1812 ego
999 1726 1038 1790 de
1083 1726 1170 1790 illius
1183 1751 1204 1790 15

150 1821 258 1883 nervis
292 1819 455 1901 existim0,
487 1838 555 1881 non
585 1816 712 1880 videtur
743 1816 813 1878 fieri
845 1836 940 1898 posse
975 1815 1045 1878 sine
1076 1814 1170 1878 bello.

153 1905 215 1970 Sed
241 1929 308 1970 non
335 1906 445 1990 cupio,
474 1904 629 1988 quoniam
656 1907 786 1967 cavetur
813 1901 1004 1966 Buthrotiis.
1051 1901 1171 1966 Rides?

152 1995 240 2079 †aps
265 1995 419 2058 condoleo
442 2015 509 2057 uon
531 2014 602 2056 mea
625 1992 735 2074 petius
759 1991 966 2073 adsiduitate,
994 1990 1171 2074 diligentia,
1262 2023 1263 2030 .

117 2083 259 2166 agretia
286 2082 404 2165 perfici.
452 2080 544 2156 Quod
576 2080 690 2144 scribis
717 2082 750 2142 te
776 2079 913 2161 nescire,
945 2078 1024 2162 quid
1049 2078 1170 2142 nostris
1262 2083 1263 2162 l

152 2170 333 2234 faciendum
363 2169 420 2253 sit,
448 2169 513 2232 iam
543 2168 666 2252 pridem
693 2189 743 2230 me
771 2167 827 2230 illa
855 2167 977 2251 ἀπορία
1007 2166 1169 2230 sollicitat.
1183 2191 1205 2229 ao
1262 2167 1263 2230 i

152 2256 266 2341 Itaque
294 2257 396 2321 stulta
427 2255 492 2320 iam
523 2255 640 2320 Iduum
673 2255 865 2318 Martiarum
898 2259 948 2319 est
982 2255 1171 2318 consolatio.

152 2345 280 2409 Animis
304 2345 390 2408 enim
408 2344 459 2407 usi
483 2366 594 2407 sumus
613 2343 772 2425 virilibus,
795 2343 948 2427 consiliis,
971 2341 1172 2426 mihicrede,
1262 2375 1263 2416 3

153 2432 341 2515 puerilibus.
387 2431 507 2495 Excisa
535 2431 620 2495 enim
643 2435 693 2495 est
716 2431 827 2515 arbor,
855 2453 922 2494 non
945 2431 1062 2494 evulsa.
1109 2429 1171 2494 Ita-

153 2541 216 2602 que
238 2541 335 2603 quam
353 2519 533 2604 fruticetur,
547 2519 644 2582 vides.
689 2517 869 2582 Redeamus
888 2518 1000 2603 igitur,
1018 2519 1171 2600 quoniam

153 2628 248 2758 {cepte
266 2629 414 2757 usulrpas,
437 2607 478 2670 ad
496 2606 696 2671 Tusculanus
716 2606 960 2756 dispupptipnes.
974 2603 1171 2768 Qsadfedum
1184 2628 1206 2668 n
1262 2635 1263 2708 ἒ

175 2716 193 2758 e
241 2715 926 2758 eceemus·e0numuam1nca0.
1002 2715 1044 2757 uo
1110 2715 1171 2757 ea
1262 2717 1263 2740 1

154 2782 257 2846 Bruto
278 2783 402 2864 scribis,
424 2745 461 2845 dt
485 2715 603 2846 cgertior
621 2717 721 2866 tielret,
746 2781 879 2864 quodie
902 2782 937 2844 in
954 2780 1172 2846 Tusculanum

154 2891 257 2934 essem
280 2873 445 2952 venturus,
468 2873 505 2932 ut
529 2871 568 2932 ad
591 2874 624 2934 te
648 2874 722 2932 ante
747 2870 869 2952 scripsi,
892 2887 929 2932 vr
942 2869 1024 2952 Kal,
1048 2873 1081 2934 et
1105 2869 1172 2952 qui-

155 2958 227 3022 dem
247 2958 294 3021 ibi
312 2961 344 3020 te
363 2979 459 3040 quam
478 2957 619 3040 primum
637 2980 695 3040 per
717 2957 822 3021 videre
841 2957 946 3022 uelim.
982 2956 1068 3021 Puto
1088 2958 1172 3022 enim

155 3046 250 3110 nobis
276 3044 458 3108 Lanuvium
486 3045 625 3108 eundum
654 3050 686 3110 et
715 3045 844 3128 quidem
869 3067 935 3108 non
966 3045 1034 3108 sine
1066 3046 1206 3110 multon

156 3154 309 3198 sermone.
357 3131 419 3196 Sed
443 3135 583 3216 μελήσει.

119 3238 135 3285 3
221 3220 328 3286 Redeo
348 3220 388 3284 ad
408 3219 613 3303 superiorem.
650 3220 702 3283 Ex
726 3243 790 3303 qua
807 3224 974 3304 praetereo
993 3221 1051 3284 illa
1069 3221 1174 3304 prima

156 3308 194 3372 de
221 3308 419 3391 Buthrotiis3
449 3329 530 3389 quae
562 3306 643 3369 mihi
674 3311 749 3370 sunt
784 3309 908 3372 inclusa
939 3308 1104 3390 medullis,
1131 3309 1172 3372 sit
1262 3363 1263 3384 ,

155 3394 267 3476 modo,
299 3398 336 3457 ut
369 3395 496 3478 scribis,
531 3394 621 3458 locus
650 3395 772 3478 agendi.
823 3394 872 3459 De
904 3396 1051 3459 oratione
1078 3395 1172 3460 Bruti
1262 3391 1263 3456 i

155 3501 288 3562 prorsus
304 3481 479 3565 contendis,
501 3503 598 3563 quom
616 3482 734 3544 iterum
752 3485 819 3545 tam
833 3483 945 3546 multis
963 3483 1072 3546 verbis
1091 3485 1168 3568 agis.
1184 3506 1207 3547 u
