2578 3886
141 123 206 187 286
464 122 503 177 Μ.
522 122 630 176 TULLI
648 120 837 176 CICERONIS

141 288 203 350 que
231 288 409 330 sermonem
437 265 588 329 omnibus
611 265 719 330 verbis
744 285 930 348 expressum
954 264 1067 328 statim
1090 264 1163 328 mit-

105 360 216 420 4tam.
263 355 313 418 Tu
341 376 427 418 nunc
455 354 544 417 omni
567 375 674 418 amore
698 353 832 436 enitere,
859 357 896 416 ut
920 374 980 416 nos
1004 357 1162 417 curatus

142 447 174 507 et
196 442 367 526 prudentia
390 443 489 506 iuves.
535 440 587 505 Ita
611 442 720 505 subito
745 441 891 526 accurrit,
921 445 1022 504 utne
1046 441 1081 504 T.
1101 440 1163 504 lte-

142 531 244 595 bilum
269 531 407 615 quidem,
430 533 467 593 ut
486 530 728 612 constitueram,
752 530 877 612 possim
900 529 1023 612 videre,
1055 529 1165 592 omnia

141 620 236 684 nobis
264 619 432 701 imparatis
464 618 594 702 agenda.
632 615 695 681 Sed
718 621 826 681 tamen
846 618 942 682 ‘crta
960 613 1022 700 μὲν
1041 617 1165 702 αὐτός’,
1193 642 1208 683 s

142 712 179 772 ut
207 708 253 770 ait
280 708 348 791 ille,
377 707 472 770 ‘tetta
500 702 537 770 db
563 704 619 770 καὶ
643 708 773 789 δαίμων
795 705 1024 788 ὑποθήσεται’.
1071 705 1166 780 Quic-

144 795 222 879 quid
245 816 351 880 egero,
374 795 527 858 continuo
552 794 642 858 scies.
685 794 838 858 Mandata
862 791 1008 858 Caesaris
1032 793 1073 856 ad
1091 815 1167 857 con·

143 884 229 947 sules
258 888 290 947 et
318 883 358 946 ad
381 881 583 966 Pompeium,
608 903 689 966 quae
716 903 828 966 rogas,
855 882 945 945 nulla
969 881 1073 945 habeo
1097 883 1168 965 †et

144 971 302 1054 descripta
331 971 442 1034 attulit
465 971 522 1034 illa
545 994 575 1054 e,
605 993 642 1035 ea
664 970 739 1034 misi
764 971 803 1034 ad
825 974 858 1033 te
882 974 970 1053 ante3
1003 991 1020 1033 e
1044 970 1167 1052 quibus
1287 993 1288 1018 1

143 1059 294 1122 mandata
321 1062 401 1142 puto
430 1059 576 1144 intellegi
599 1080 701 1142 posse.
747 1057 918 1141 Philippus
941 1055 1082 1140 Neapoli
1106 1063 1168 1142 est,
1183 1087 1213 1126 rc

143 1146 301 1210 Lentulus
320 1145 473 1211 Puteolis.
505 1146 555 1212 De
570 1147 725 1232 Domiti0,
748 1150 786 1211 ut
805 1147 894 1232 facis,
918 1146 1093 1234 sciscitare,
1107 1147 1168 1210 ubi

145 1235 199 1317 sit,
224 1235 302 1318 quid
325 1235 455 1320 cogitet.
835 1289 836 1292 ,

109 1340 124 1389 5
212 1321 304 1398 Quod
341 1323 455 1388 scribis
493 1325 637 1407 asperius
671 1345 735 1409 me,
772 1345 869 1407 quam
901 1323 966 1387 mei
997 1324 1169 1407 patiantur

144 1433 265 1498 mores,
298 1412 336 1475 de
363 1411 522 1495 Dionysio
547 1413 728 1495 scripsisse,
757 1412 843 1497 vide,
872 1433 969 1495 quam
997 1412 1059 1476 sim
1083 1412 1169 1475 anti-

146 1521 282 1582 quorum
312 1500 489 1565 hominum.
536 1500 580 1564 Te
610 1501 735 1564 medius
765 1500 860 1564 fidius
889 1500 972 1563 hanc
1001 1521 1070 1564 rem
1094 1521 1168 1586 gra·
1184 1527 1211 1568 15

144 1589 216 1652 vius
245 1589 359 1673 putavi
388 1589 532 1652 laturum
564 1610 633 1652 esse
662 1611 758 1672 quam
787 1611 846 1652 me.
892 1585 992 1672 Nam,
1024 1591 1168 1672 praeter·

145 1699 241 1760 quam
270 1678 356 1761 quod
383 1681 416 1740 te
439 1677 562 1741 moveri
585 1677 726 1741 arbitror
749 1681 898 1759 oportere
921 1677 1054 1758 iniuria,
1083 1699 1167 1760 quae

144 1765 225 1829 mihi
249 1789 267 1828 a
291 1787 455 1849 quoquam
477 1765 562 1829 facta
581 1766 632 1849 sit,
655 1769 821 1849 praeterea
845 1765 1003 1847 teipsum
1024 1765 1167 1848 quodam

144 1854 239 1917 modo
272 1854 325 1918 hic
356 1853 505 1937 violavit,
537 1875 610 1917 cum
642 1853 678 1916 in
708 1875 759 1917 me
792 1858 860 1918 tam
892 1853 1059 1936 improbus
1092 1853 1166 1917 fuit.

145 1939 222 2026 Sed,
253 1947 291 2006 tu
319 1942 352 2005 id
383 1942 497 2024 quanti
521 1943 684 2026 aestimes,
717 1945 811 2005 tuum
833 1941 988 2005 iudicium
1011 1946 1073 2026 est,
1106 1963 1166 2005 nec
1182 1969 1209 2008 ao
1286 1973 1287 1978 ¹

145 2034 253 2094 tamen
290 2031 325 2093 iu
356 2029 418 2093 hoc
450 2030 513 2093 tibi
547 2030 719 2113 quicquam
754 2030 860 2094 oneris
893 2029 1035 2112 impono.
1091 2029 1166 2114 Ego

145 2122 253 2181 autem
281 2117 376 2180 illum
403 2118 486 2181 male
510 2139 625 2182 sanum
647 2140 773 2201 semper
797 2118 923 2203 putaui,
955 2118 1165 2182 nuncetiam

144 2207 307 2288 impurum
336 2209 368 2269 et
397 2206 586 2270 sceleratum
615 2211 695 2288 puto
722 2227 782 2270 nec
809 2211 918 2270 tamen
947 2206 1028 2270 mihi
1058 2206 1165 2270 inimi-

144 2294 263 2357 ciorem
291 2315 388 2376 quam
412 2295 484 2358 sibi.
529 2294 723 2378 Philargyro
747 2295 828 2358 berre
851 2295 978 2358 curasti.
1025 2291 1165 2359 Causam

144 2385 229 2446 certe
256 2381 401 2446 habuisti
429 2387 462 2446 et
489 2403 598 2446 veram
627 2386 660 2447 et
683 2383 815 2468 bonam,
847 2382 996 2446 relictum
1019 2404 1089 2446 esse
1112 2405 1165 2446 me
1181 2409 1208 2449 25

144 2470 253 2553 potius
278 2491 374 2552 quam
397 2470 575 2554 reliquisse.

109 2576 124 2623 e
211 2555 294 2621 Cum
322 2558 480 2622 dedissem
508 2560 574 2622 iam
602 2558 729 2623 litteras
758 2581 785 2623 a.
809 2559 836 2622 d.
860 2577 924 2623 vm
950 2557 1034 2645 Kal,
1062 2559 1165 2642 pueri,

144 2668 226 2729 quos
250 2667 323 2709 cum
346 2646 449 2711 Matio
474 2651 506 2710 et
529 2647 683 2712 Trebatio
706 2647 867 2731 miseram,
891 2647 1063 2730 epistulam
1082 2647 1165 2711 mihi

145 2733 326 2798 attuleruut
348 2734 410 2798 hcc
434 2735 595 2819 exemplo:

181 2870 351 2925 ‘MATIUS
374 2870 426 2925 ET
450 2873 691 2928 TREBATIUS
716 2872 918 2947 CICERONI
940 2874 1022 2927 IMP.
1038 2873 1121 2927 SAL.
1179 2885 1207 2925 sc

211 2995 302 3061 Cum
336 2996 463 3080 Capua
499 2999 725 3085 exissemus,
762 3000 801 3063 in
833 3000 977 3063 itinere
1010 2998 1165 3063 audivi-

143 3108 224 3149 mus
256 3086 477 3169 Pompeium
509 3086 721 3152 Brundisio
746 3110 772 3152 a.
798 3088 826 3152 d.
850 3105 912 3151 xvr
939 3087 979 3150 K.
1003 3087 1164 3170 Apriles

143 3197 224 3238 cum
257 3175 433 3238 omnibus
463 3174 601 3259 copiis,
634 3197 728 3259 quas
758 3175 911 3261 habuit,
943 3176 1164 3258 profectum

144 3285 240 3346 esse3
269 3260 469 3327 Caesarem
496 3267 654 3345 postero
682 3264 742 3326 die
765 3265 806 3327 in
830 3264 1012 3347 oppidum
1035 3263 1164 3327 intro-

143 3351 235 3436 isse,
268 3351 539 3416 contionatum
570 3373 665 3437 esse,
697 3352 784 3416 inde
816 3351 973 3416 Romam
1006 3355 1206 3420 conten-ss

144 3440 258 3523 disse,
287 3440 385 3503 velle
410 3444 497 3504 aute
520 3438 559 3503 Κ.
584 3461 666 3505 esse
690 3440 735 3504 ad
758 3441 890 3505 urbem
914 3445 953 3505 et
976 3440 1163 3524 pauculos
