2568 3888
115 131 118 142 '
179 138 222 202 14
504 136 542 192 u.
562 135 669 190 111111
687 135 876 190 oroaaorus

178 281 235 365 qui
258 278 431 363 epistulam
454 280 551 363 paulo
580 279 761 364 graviorem
786 280 870 344 ferre
892 279 1012 364 possit,
1039 279 1106 343 11111
1132 301 1217 343 eam
1280 309 1281 348 1

177 369 368 453 pellectione
389 368 561 432 relevarit?
590 367 721 431 Accedit
745 389 793 453 eo,
817 368 903 451 quod
925 367 1008 431 mihi
1030 389 1100 431 non
1108 367 1145 450 †,
1174 371 1217 431 ut
1280 401 1281 404 ¹

178 457 315 540 quisque
347 458 383 520 in
405 457 543 541 Epirum
570 456 793 540 proficiscitur.
839 456 912 540 Ego
941 456 1028 519 enim
1055 459 1089 519 te
1118 455 1217 518 arbi-

177 549 249 609 tror
272 546 371 610 caesis
391 545 476 628 apud
489 543 696 608 Amaltheam
718 547 809 608 tuam
827 544 968 608 victimis
992 544 1108 608 statim
1131 565 1216 608 esse

178 633 218 697 ad
242 633 413 717 Sicyonem
432 632 684 717 oppugnandum
707 633 888 715 profectum
910 653 1015 715 neque
1037 635 1157 696 tamen
1178 633 1218 695 id
1246 657 1260 696 5
1280 685 1281 694 ,

178 721 286 805 ipsum
309 727 433 786 certum
454 720 569 806 habeo,
593 721 720 804 quando
740 720 780 784 ad
794 718 972 785 Antonium
992 721 1217 803 proficiscare

178 814 235 873 aut
254 809 332 893 quid
355 810 390 872 in
407 809 508 893 Epiro
527 809 684 893 temporis
707 831 817 892 ponas.
854 808 906 873 Ita
929 830 1033 892 neque
1047 807 1215 873 Achaicis

177 898 366 962 hominibus
394 919 498 980 neque
527 897 704 981 Epiroticis
735 897 832 980 paulo
866 897 1035 962 liberiores
1070 897 1215 961 litteras

179 987 380 1050 committere
404 985 513 1049 audeo

143 1091 160 1140 a
248 1071 332 1137 Sunt
355 1078 464 1137 autem
486 1077 562 1157 post
584 1073 798 1138 discessum'a
816 1094 868 1136 me
890 1077 985 1136 tuum
1008 1095 1060 1137 res
1082 1073 1213 1158 dignae
1229 1099 1259 1138 ιο

178 1162 298 1226 litteris
320 1162 452 1247 nostris,
475 1161 619 1226 sednon
642 1161 889 1226 committendae
913 1161 1095 1225 eiusmodi
1118 1163 1213 1245 peri-

179 1250 265 1335 cu10,
292 1254 330 1313 ut
353 1254 410 1315 aut
432 1251 564 1314 interire
588 1253 645 1314 aut
668 1249 786 1333 aperiri
809 1253 865 1313 aut
888 1249 1037 1333 intercipi
1060 1251 1211 1333 possint.

177 1337 323 1403 Primum
353 1339 456 1424 igitur
487 1339 568 1402 scito
598 1337 740 1422 primum
769 1359 820 1401 me
848 1359 916 1402 non
946 1358 1016 1402 esse
1044 1341 1212 1422 rogatum

179 1427 373 1491 sententiam
409 1427 693 1510 praepositumque
725 1447 795 1489 esse
826 1425 921 1490 nobis
958 1425 1210 1508 pacificatorem

178 1513 411 1602 Allobrogum,
440 1515 536 1598 idque
569 1515 831 1578 admurmurante
862 1518 975 1578 senatu
1008 1534 1115 1597 neque
1147 1538 1209 1579 me
1226 1540 1254 1581 15

178 1604 282 1670 invito
297 1626 367 1669 esse
381 1604 510 1668 factum.
549 1600 629 1667 Sum
643 1603 729 1667 enim
747 1606 779 1666 ct
794 1603 834 1666 ab
851 1602 1050 1667 observando
1065 1602 1208 1667 homine

112 1699 113 1704 ’
177 1715 327 1776 perverso
351 1693 434 1756 liber
458 1696 489 1756 et
513 1691 553 1755 ad
577 1692 768 1776 dignitatem
791 1691 883 1754 inre
906 1690 1036 1773 publica
1058 1691 1208 1755 retinen·

178 1781 251 1846 dam
275 1785 387 1846 contra
409 1781 498 1844 illius
521 1780 724 1843 voluntatem
747 1778 884 1864 solutus,
907 1782 939 1842 11
961 1779 1017 1843 1111
1038 1780 1206 1844 secundus

177 1870 213 1934 in
236 1870 368 1934 dicendo
391 1869 482 1933 locus
504 1867 604 1931 habet
622 1867 848 1931 auctoritatem
865 1888 967 1950 paene
989 1867 1146 1951 principis
1168 1873 1207 1932 et

177 1958 379 2022 voluntatem
414 1977 481 2020 non
512 1955 609 2020 nimis
642 1955 823 2019 devinctam
858 1954 1012 2019 beneficio
1045 1956 1205 2020 consulis.
1221 1983 1249 2022 ao

179 2045 307 2109 Tertius
341 2048 390 2108 111
420 2042 571 2130 Catulus,
603 2047 751 2129 quartus,
784 2043 813 2107 si
845 2043 942 2107 ctiam
969 2043 1031 2107 hoc
1059 2045 1206 2129 quaeris,

177 2132 380 2197 Hortensius.
419 2129 541 2196 Consul
563 2135 673 2195 autem
696 2132 766 2214 ipse
787 2152 888 2215 parvo
908 2131 1015 2195 animo
1040 2136 1072 2195 et
1095 2155 1205 2215 pravo

177 2224 287 2286 tamen
311 2220 479 2285 cavillator
502 2240 618 2304 genere
641 2219 698 2283 illo
722 2241 867 2307 moroso,
895 2219 1104 2302 quodetiam
1129 2221 1205 2284 11111

178 2309 345 2373 dicacitate
368 2308 505 2394 ridetur,
532 2307 612 2371 facie
635 2307 739 2392 magis
764 2329 862 2390 quam
884 2307 1008 2372 facetiis
1031 2307 1204 2393 ridiculus,

176 2397 261 2460 nihil
284 2416 382 2481 agens
406 2418 535 2464 cumre
557 2395 696 2479 publica,
720 2395 883 2460 seiunctus
908 2395 947 2459 ab
972 2395 1202 2480 optimatibus,
1218 2425 1245 2463 aa

178 2506 196 2549 a
220 2506 282 2569 quo
306 2485 390 2548 nihil
414 2506 521 2568 speres
545 2484 624 2548 boni
651 2485 698 2548 rei
727 2484 888 2568 publicae,
922 2483 997 2568 quia
1026 2505 1094 2547 non
1116 2485 1203 2570 vult,

175 2573 260 2638 nihil
279 2595 387 2657 speres
406 2573 493 2658 mali,
516 2573 592 2656 quia
614 2593 682 2637 non
703 2571 807 2636 audet.
844 2572 926 2636 Eius
945 2576 1053 2635 autem
1071 2572 1203 2657 collega
1252 2572 1256 2578 '

177 2664 209 2725 et
239 2662 275 2725 in
303 2683 354 2725 me
384 2660 639 2745 perhonorificus
670 2663 703 2724 et
731 2661 874 2744 partium
897 2659 1061 2724 studiosus
1086 2682 1123 2724 ac
1147 2661 1202 2724 de-

140 2749 286 2813 31111111
313 2750 480 2813 bonarum.
527 2747 590 2824 Qui
610 2771 697 2813 nunc
723 2748 837 2812 leviter
864 2749 949 2813 inter
972 2770 1007 2812 se
1029 2748 1200 2814 dissident.

177 2835 240 2901 Sed
262 2859 383 2921 vereor,
405 2859 446 2901 ne
468 2836 540 2923 hoc,
563 2837 650 2920 quod
672 2837 827 2901 infectum
846 2841 904 2922 est,
929 2839 1037 2920 serpat
1055 2836 1199 2920 longius.
1216 2867 1243 2905 1ο
1280 2885 1281 2914 r

177 2923 280 2990 Credo
300 2926 386 2990 enim
404 2929 437 2990 11
456 2925 592 3009 audisse,
616 2947 689 2990 cum
708 2924 792 3008 apud
806 2923 976 2990 Caesarem
994 2946 1054 3008 pro
1072 2926 1199 3008 populo

175 3014 280 3098 fieret,
304 3015 430 3079 venisse
454 3036 490 3079 eo
514 3013 666 3078 muliebri
689 3014 810 3078 vestitu
833 3014 953 3098 virum,
980 3013 1077 3096 idque
1101 3015 1200 3078 sacri·
1280 3043 1281 3052 ¹

175 3102 285 3166 ficium
317 3124 390 3166 cum
422 3101 564 3186 virgines
597 3102 849 3188 instaurassent,
879 3102 1078 3166 mentionem
1110 3124 1129 3165 a
1161 3101 1198 3178 Q.

176 3188 349 3255 Cornificio
379 3192 415 3254 in
446 3194 559 3254 senatu
588 3191 708 3254 factam
732 3188 778 3278 (is
808 3190 871 3254 fuit
896 3191 1058 3276 princeps,
1086 3210 1129 3253 ne
1160 3193 1198 3254 tu

175 3278 260 3343 forte
284 3280 425 3365 aliquem
447 3283 596 3345 nostrum
621 3275 744 3364 putes);
772 3282 885 3361 postea
908 3301 977 3343 rem
1000 3300 1039 3342 ex
1063 3281 1197 3343 senatus
1212 3307 1238 3348 11

175 3368 323 3432 consulto
347 3369 387 3432 ad
410 3389 546 3454 augures
567 3371 663 3451 atque
687 3366 726 3430 ad
749 3367 917 3448 pontifices
941 3367 1077 3431 relatam
1098 3366 1198 3450 idque

176 3456 216 3520 ab
240 3457 281 3522 111
304 3457 394 3522 nefas
418 3452 487 3522 1111
507 3457 682 3541 decretum3
706 3453 818 3519 deinde
837 3478 877 3520 ex
896 3457 1026 3520 senatus
1045 3455 1196 3520 consulto
