2564 3880
228 163 488 218 EPISTULARUM
507 165 557 218 AD
576 166 741 220 ATTICUM
759 165 825 220 XIII
844 173 957 222 16-19.
1038 169 1105 232 405

553 396 639 461 XIX.

122 531 124 556 1
239 515 295 570 Ser.
311 517 343 569 ia
361 516 497 584 Arpinati
511 517 586 586 prid.
602 519 639 572 K.
657 517 750 587 Quint.
766 535 791 571 a.
808 522 863 572 709
884 521 952 586 (45).

392 638 538 694 CICERO
555 640 701 695 ATTICO
720 640 804 694 SAL.

154 742 367 809 Commodum
396 746 586 811 discesserat
613 747 746 811 Hilarus
775 748 927 812 librarius
955 766 992 812 lv
1022 748 1138 834 Kal.,1

47 860 62 900 5
80 834 137 898 cui
162 833 310 898 dederam
327 834 455 898 litteras
475 835 514 898 ad
533 840 574 917 te,
598 857 696 919 quom
714 836 804 900 venit
822 837 1012 900 tabellarius
1031 858 1104 899 cum

78 922 152 985 tuis
174 921 295 985 litteris
317 923 421 1004 pridie
445 923 542 1006 datis,
565 924 601 987 in
624 924 741 1007 quibus
760 925 841 988 illud
860 926 940 989 mihi
960 925 1104 1009 gratissi-

78 1031 176 1072 mum
199 1010 272 1095 fuit,
295 1010 382 1094 quod
404 1009 515 1075 Attica
537 1015 650 1075 nostra
673 1016 768 1096 rogat
791 1016 833 1096 tc,
855 1034 896 1076 na
919 1013 1025 1076 tristis
1049 1012 1104 1098 sis,

80 1097 237 1180 quodque
260 1102 297 1162 tu
320 1098 485 1163 ἀκίνδυνα
510 1121 579 1162 esse
604 1100 726 1163 scribis.

153 1185 369 1271 Ligarianam,
391 1190 429 1250 ut
447 1187 550 1272 videa,
568 1188 731 1270 praeclare
750 1189 925 1252 auctoritas
945 1192 1002 1252 tua
1021 1210 1104 1252 com·
1123 1205 1139 1252 2

33 1301 64 1338 ιο
79 1273 256 1338 mandavit.
294 1272 432 1358 Scripsit
455 1275 540 1339 enim
564 1275 605 1339 ad
627 1297 679 1338 me
701 1274 822 1338 Balbus
843 1274 995 1360 [Oppius]
1015 1277 1104 1340 miri-

80 1362 145 1425 fice
174 1383 207 1424 se
235 1362 374 1444 probare
406 1362 447 1426 ob
471 1385 604 1446 eamque
628 1385 756 1427 causam
778 1363 818 1426 ad
842 1361 1009 1428 Caesarem
1033 1386 1104 1427 eam

83 1471 120 1513 se
137 1484 140 1489 ’
157 1450 390 1514 oratiunculam
420 1450 555 1516 misisse.
605 1450 678 1515 Hoc
707 1452 810 1536 igitur
841 1451 927 1514 idem
955 1456 993 1514 tu
1023 1451 1104 1514 mihi

83 1541 183 1601 antea
207 1539 389 1622 scripseras.

155 1624 195 1689 In
208 1625 353 1690 Varrone
376 1627 440 1690 ista
463 1648 559 1690 causa
582 1648 633 1689 me
655 1648 723 1690 non
744 1630 897 1708 moveret,
919 1647 960 1688 ne
978 1625 1104 1689 viderer
1123 1643 1139 1690 3

38 1739 66 1780 15
84 1713 286 1797 φιλένδοξος
309 1712 371 1798 (sic
394 1715 480 1777 enim
499 1715 740 1798 constitueram,
762 1714 923 1776 neminem
941 1713 1104 1777 includere

84 1803 121 1866 in
145 1801 292 1886 dialogos
316 1824 437 1887 eorum,
466 1803 522 1885 qui
545 1800 719 1886 viverent);
752 1802 816 1887 sed,
840 1802 915 1885 quia
938 1801 1048 1865 scribis
1071 1806 1103 1866 et

84 1889 261 1954 desiderari
293 1911 312 1953 a
340 1889 487 1954 Varrone
515 1893 547 1953 et
574 1889 683 1973 magni
711 1888 805 1952 illum
832 1889 1015 1974 aestimare,
1049 1910 1103 1953 eos

84 1978 210 2041 confeci
234 1982 266 2042 et
290 1977 416 2042 absolvi
437 1979 545 2042 nescio
570 1999 667 2061 quam
691 1977 780 2059 bane,
804 1978 860 2041 sed
882 1977 929 2041 ita
948 1981 1104 2062 accurate,

85 2070 124 2130 ut
142 2065 227 2128 nihil
244 2070 355 2148 posset
374 2088 480 2150 supra,
493 2064 717 2130 Academicum
736 2087 863 2128 omnem
882 2065 1105 2148 quaestionem

41 2179 69 2218 ao
84 2154 180 2218 libris
211 2157 374 2236 quattuor.
421 2152 461 2216 In
490 2155 551 2238 cis,
578 2175 660 2236 quae
689 2158 780 2217 erant
807 2157 920 2216 contra
943 2153 1105 2236 ἀκαταλη-

84 2246 169 2321 ψίαν
187 2240 350 2324 praeclare
368 2240 502 2306 collecta
521 2242 561 2304 ab
581 2239 752 2325 Antioch0,
776 2240 917 2305 Varroni
935 2241 1015 2305 dedi.
1052 2241 1105 2306 Ad

85 2353 123 2394 ea
150 2330 222 2412 ipse
251 2330 443 2413 respondeo,
475 2333 513 2392 tu
542 2351 575 2392 es
603 2329 720 2392 tertius
748 2329 784 2392 in
812 2350 958 2392 sermone
980 2332 1103 2393 nostro,

86 2418 123 2482 Si
147 2417 280 2482 Cottam
303 2421 335 2480 et
358 2415 539 2482 Varronem
562 2417 708 2481 fecissem
731 2417 817 2480 inter
840 2438 874 2481 se
893 2417 1105 2502 disputantes,

84 2512 121 2571 at
139 2529 158 2570 a
176 2509 211 2570 tc
229 2506 386 2587 proximis
404 2505 524 2569 litteris
543 2506 725 2590 admoneor,
743 2527 851 2568 meum
869 2507 986 2589 κωφὸν
1003 2508 1105 2589 πρόσ-

44 2619 71 2659 os
86 2616 181 2660 ωπον
211 2597 303 2657 esset.
353 2593 425 2658 Hoc
458 2593 493 2656 in
528 2593 671 2676 antiquis
705 2593 853 2676 personis
887 2593 1029 2657 suaviter
1057 2594 1142 2677 fita

85 2687 124 2746 ut
147 2685 182 2745 et
203 2681 390 2745 Heraclides
414 2681 450 2744 in
471 2681 583 2744 multis
603 2684 635 2744 et
653 2703 713 2744 nos
732 2683 768 2745 ia
785 2689 829 2744 vr
842 2681 892 2744 ‘de
910 2703 945 2744 re
963 2680 1104 2764 publica'

85 2770 182 2834 libris
212 2770 355 2834 fecimus.
406 2768 490 2834 Sunt
522 2769 619 2832 etiam
653 2769 702 2832 ‘de
733 2769 872 2832 oratore’
902 2770 1008 2833 nostri
1037 2773 1105 2832 tres

86 2858 170 2922 mihi
199 2863 363 2922 vementer
391 2857 529 2940 probati.
575 2855 614 2920 In
642 2857 688 2920 eis
720 2878 848 2940 quoque
872 2878 927 2920 eae
949 2879 1105 2940 personae

87 2950 175 3032 sunt,
197 2950 234 3009 ut
257 2945 338 3009 mihi
360 2945 529 3009 tacendum
546 2945 653 3008 fuerit.
691 2941 827 3008 Crassus
847 2945 932 3008 enim
951 2945 1106 3030 loquitur,
1160 3023 1162 3027 Ι

47 3059 73 3097 ao
87 3034 262 3116 Antonius,
286 3033 421 3098 Catulus
440 3055 545 3118 senex,
566 3032 598 3097 C.
613 3031 725 3116 Iulius,
744 3033 844 3097 frater
863 3031 980 3116 Catuli,
1000 3031 1105 3114 Cotta,

88 3121 260 3205 Sulpicius.
305 3121 409 3186 Puero
440 3143 491 3184 me
518 3120 572 3184 hic
600 3142 705 3184 sermo
728 3121 907 3205 inducitur,
937 3124 974 3183 ut
996 3119 1105 3183 nullae

88 3232 159 3276 esse
182 3215 317 3294 possent
339 3214 447 3294 partes
466 3231 562 3272 meae.
600 3207 688 3284 Quae
706 3211 814 3272 autem
832 3209 884 3272 his
904 3207 1105 3290 temporibus

87 3299 219 3383 scripsi,
247 3297 507 3382 Ἀριστοτέλειον
535 3319 659 3361 morem
688 3296 824 3380 habent,
853 3297 975 3378 inquo
1000 3316 1106 3358 sermo

87 3389 136 3452 ita
165 3385 329 3450 inducitur
352 3391 544 3470 ceterorum,
568 3388 606 3448 ut
628 3405 726 3468 penes
749 3385 856 3466 ipsum
880 3383 924 3446 sit
947 3382 1108 3465 principa-

50 3500 74 3540 a
88 3481 151 3540 tus.
199 3473 250 3538 Ita
277 3475 399 3538 confeci
428 3473 571 3557 quinque
597 3471 699 3536 libros
721 3470 797 3555 περὶ
822 3476 941 3552 τελῶν,
969 3473 1006 3533 ut
1029 3470 1108 3553 Epi-
