2578 3886
311 107 572 162 EPISTULARUM
589 109 641 161 AD
659 108 824 162 ATTIGUM
842 109 868 162 X
886 113 964 162 5-7.
1080 110 1144 173 301

194 250 244 315 De
268 250 389 327 Quinto
413 251 481 316 filio
504 251 543 315 fit
566 274 585 314 a
608 274 659 316 me
684 252 813 336 quidem
833 251 959 336 sedu103
983 253 1038 317 sed
1056 252 1181 329 nostia¹

17 359 19 388 ι
126 340 261 423 reliqua.
308 338 400 414 Quod
423 339 498 403 dein
519 361 570 404 me
593 361 715 424 mones,
738 345 770 404 et
794 340 894 404 amice
917 345 950 404 et
973 340 1147 423 prudenter

17 429 18 484 l
127 450 179 492 me
201 449 324 512 mones,
347 427 403 491 sed
425 431 520 491 erunt
544 428 652 492 omnia
674 428 790 512 facilia,
815 429 842 492 si
866 429 907 492 ab
931 449 997 492 uno
1020 428 1078 493 illo
1098 450 1147 492 ea-

128 537 214 581 vero.
260 515 416 616 Magnum
440 537 522 599 opus
547 519 610 601 est,
639 516 802 580 mirabilia
825 517 938 601 multa
965 516 1049 580 nihil
1072 516 1148 580 sim-

17 629 18 634 *
99 604 213 687 splex,
237 603 369 667 nihil
344 625 512 668 smeerum.
558 602 685 668 Vellem
709 605 905 689 suscepisses
929 604 1078 668 iuvenem
1100 626 1148 668 re

129 693 283 777 gendum,
314 696 371 775 pat
368 713 407 755 er
441 692 528 756 enim
556 692 654 755 nimis
684 692 873 780 indulgens,
905 692 1059 776 quioquid
1086 712 1147 776 ego

128 780 296 864 adstrinxi,
319 779 452 845 relaxat.
490 778 574 844 Si
549 801 618 844 sme
640 780 697 844 illo
717 803 857 867 possem,
879 802 1036 865 regerem3
1061 780 1150 863 quod
1227 805 1229 810 ¹

128 872 165 932 tu
189 872 291 952 potes.
339 866 572 952 Sed1gnos003
595 890 758 954 magnum,
780 870 923 953 inquam,
947 890 1029 952 opus
1054 871 1111 932 est.

194 955 385 1058 Pompeium
408 978 467 1039 pro
491 960 579 1021 oerto
602 955 759 1022 habemus
782 979 839 1040 per
862 957 1029 1041 Illyricum
1052 956 1147 1040 profi·
1167 971 1184 1019 3

17 1119 18 1128 ¹
88 1070 115 1108 ιο
129 1045 205 1110 ainai
228 1045 265 1108 in
288 1043 435 1108 Galliam.
481 1044 555 1128 Ego
578 1065 673 1127 nune,
696 1067 761 1128 qua
784 1050 816 1109 et
840 1067 915 1132 quo,
938 1046 1062 1110 videbo.

603 1219 675 1284 Vll.

273 1337 330 1396 Ser.
345 1341 377 1394 ia
393 1339 516 1395 Cumano
534 1342 597 1394 aire.
612 1297 664 1394 lX
679 1345 713 1394 Κ.
729 1341 802 1396 Mai.
818 1361 844 1396 a.
861 1346 916 1396 705
936 1346 1004 1410 (49).

444 1462 590 1517 CICERO
608 1463 755 1519 ATTICO
774 1464 856 1518 SAL.

195 1571 269 1656 Ego
298 1592 373 1635 vero
401 1569 555 1654 Apuliam
583 1575 615 1634 et
644 1569 817 1654 Sipontum
846 1576 879 1636 et
907 1571 1183 1655 tergiversatio-1

17 1733 18 1740 ,
89 1685 114 1727 ιι
130 1682 206 1725 nem
224 1660 322 1723 istam
341 1658 443 1742 probo
462 1680 521 1723 nee
538 1663 629 1724 tuam
648 1660 807 1723 rationem
826 1660 959 1724 eandem
978 1681 1048 1722 esse
1067 1658 1148 1723 duoo

130 1771 229 1832 quam
250 1769 367 1828 meam,
390 1767 457 1810 non
480 1748 559 1832 quin
582 1748 674 1811 inre
697 1749 826 1831 publiea
849 1751 971 1812 reatum
996 1746 1082 1810 idem
1105 1748 1150 1810 sit

129 1837 262 1919 utrique
289 1839 453 1920 nostrum,
481 1836 538 1899 sed
567 1858 604 1899 ea
631 1857 698 1899 non
720 1836 837 1921 agitur
883 1835 1054 1920 Regnandi
1077 1856 1150 1898 oon-

32 1989 35 1996 ,
130 1925 235 1988 tentio
260 1927 319 2008 est,
342 1923 377 1986 in
400 1944 464 2023 qua
487 1925 612 2025 pulsus
625 1927 675 1988 est
693 1924 829 1988 modest'
806 1927 871 1987 tior
889 1945 982 1987 rexe
965 1922 1150 2005 etprobior

17 2053 18 2060 ι
130 2016 163 2076 et
186 2012 402 2114 integrioret
425 2012 468 2096 is,
501 2013 557 2095 qui
580 2013 644 2076 nisi
667 2013 782 2098 vineit,
808 2034 927 2076 nomen
949 2011 1063 2094 populi
1085 2008 1150 2074 Ro-

17 2125 19 2162 ;
90 2127 116 2166 ιο
130 2101 219 2165 mani
248 2100 351 2164 deleat
337 2103 391 2162 tur
420 2063 638 2184 nehesseest‚
667 2101 850 2165 sinautem
873 2099 986 2183 vineit,
1016 2097 1149 2163 Sullano

17 2199 19 2274 j
129 2209 221 2253 more
251 2187 461 2271 exemploque
494 2187 609 2253 vineat.
662 2188 752 2273 Ergo
784 2188 886 2252 hae
877 2210 912 2251 ιιι
944 2188 1150 2253 contentione

17 2285 19 2360 ᾖ
129 2280 320 2341 neutrumt
306 2276 367 2340 tibi
388 2276 496 2359 palam
515 2277 802 2340 sentiendumett
755 2275 928 2359 ttempori
948 2276 1151 2340 serviendum

17 2363 20 2452 J'
131 2368 189 2430 est.
227 2363 300 2428 Mea
322 2386 417 2428 eausa
441 2368 549 2428 autem
572 2364 709 2428 aliat
659 2369 709 2428 est
710 2366 829 2451 ,quod
847 2363 1002 2428 beneficio
1022 2365 1110 2428 vinct
1097 2369 1150 2428 tus

17 2453 18 2526 ἦ
130 2453 240 2537 ingrat
241 2474 280 2516 us
303 2474 372 2516 esse
395 2472 462 2516 non
484 2473 628 2553 possum,
654 2475 713 2517 nea
736 2453 877 2516 tamen
867 2474 903 2517 ιιι
926 2453 1071 2530 adieras,
1096 2452 1151 2516 sed

17 2583 18 2588 ι
89 2567 116 2607 aa
130 2541 264 2605 Melitae
296 2545 352 2604 aut
338 2541 490 2604 talio
481 2563 516 2604 111
547 2541 619 2604 loco
652 2540 752 2605 simili
785 2539 971 2643 [oppidulo]
1004 2541 1055 2604 fut
1042 2545 1152 2604 turum

17 2633 19 2684 Γ
131 2633 222 2713 puto
268 2627 383 2694 Nihil'
384 2629 558 2714 ,inquies,
587 2629 689 2693 iuvas
713 2651 797 2714 eum,
824 2629 857 2694 in
882 2651 979 2713 quem
1001 2629 1150 2712 ingratus

132 2738 299 2782 essenon
325 2679 410 2781 visl'
446 2715 550 2781 lmmo
578 2717 686 2781 minus
713 2718 780 2781 fort
766 2722 853 2782 tasse
877 2717 1042 2782 voluisset
1089 2715 1153 2781 seu

134 2806 171 2870 de
198 2805 261 2869 hoo
287 2805 480 2890 videbimus,
513 2827 663 2869 exeamus
691 2806 795 2871 modo.
843 2805 935 2890 Quod
958 2809 996 2869 ut
982 2805 1152 2869 tmeliore

133 2898 277 2995 tempore
300 2894 473 2978 possimus,
500 2893 578 2958 feeit
600 2891 745 2958 Adriano
768 2895 852 2958 mari
874 2882 1054 2979 Dolabella,
1078 2893 1152 2956 aaa·

92 2981 219 3047 rotensi
242 2979 347 3046 Curio

200 3069 401 3134 Iniectat
345 3073 401 3132 aut
403 3091 453 3132 em
475 3068 557 3132 mihi
581 3091 653 3153 apes
678 3071 834 3153 quaedam
858 3074 907 3133 est
893 3070 1009 3134 tvelle
1026 3083 1188 3133 meoum2

134 3155 200 3222 Ser.
232 3155 409 3241 Sulpicium
443 3158 603 3259 conloqui.
652 3156 704 3221 Ad
736 3180 809 3222 eum
837 3157 912 3222 misi
939 3155 1060 3221 Philet
1036 3161 1152 3220 t1mum

132 3245 287 3310 libertum
305 3267 378 3310 cum
396 3245 452 3308 litt
438 3246 524 3310 teris
563 3243 648 3309 Si
617 3268 668 3310 ιιι
688 3267 757 3310 esse
776 3247 863 3310 volet
849 3245 1055 3395 tpraeelara
1075 3262 1151 3308 ουν-

112 3335 221 3418 oddar,
249 3333 301 3398 sin
323 3337 498 3398 autem-
500 3336 658 3418 ,erimus
681 3355 750 3413 nos,
775 3334 832 3418 qui
856 3334 1003 3397 solemus.
1051 3330 1186 3396 Ourios

93 3449 120 3488 aa
134 3443 259 3487 meeum
285 3422 368 3486 vixit
390 3421 493 3486 iacere
516 3419 686 3487 Caesarem
708 3385 827 3506 pdtans
852 3421 1028 3486 offensione
1050 3441 1152 3503 popu-
