2560 3880
162 199 227 263 556
504 197 541 252 Μ.
561 197 667 252 TULLI
685 195 872 252 CICERONIS

162 340 202 404 ad
224 341 365 405 Tertiam
389 363 530 406 sororem
554 345 586 405 et
608 344 753 426 matrem,
774 362 815 404 no
832 340 922 424 prius
946 339 1076 404 ederent
1097 339 1170 425 hoc,

163 429 249 512 quod
272 430 393 513 optime
416 450 452 493 ac
473 428 658 493 felicissime
681 428 782 513 gessit
800 425 941 512 Cassius,
959 450 1056 512 quam
1074 431 1169 491 tuum

163 517 334 581 consilium
356 517 589 601 cognovissent,
612 515 736 600 tibique
760 516 863 580 visum
887 519 980 580 esset.

126 622 144 669 4
229 603 307 689 Legi
331 605 491 669 crationes
514 605 592 669 duas
614 608 701 689 tuas,
730 625 865 689 quarum
887 604 988 668 altera
1008 601 1081 667 Kal.
1100 601 1167 667 Ian

162 714 240 757 usus
268 714 315 777 ea,
342 692 443 756 altera
469 692 507 756 de
534 692 653 757 litteris
675 693 768 777 meis,
796 714 877 775 quae
900 691 1013 755 habita
1035 683 1085 755 est
1108 691 1165 754 abs
1191 715 1202 756 s

163 785 195 844 te
218 784 329 844 contra
352 778 511 844 Calenum.
548 779 643 844 Nunc
666 780 788 844 scilicet
809 779 871 844 hoc
894 783 1067 863 exspectas,
1090 778 1167 843 dum

163 889 215 932 eas
241 868 374 932 laudem.
420 867 554 953 Nescio,
586 868 684 932 enimi
712 890 753 932 an
778 867 899 952 ingenii
925 868 976 931 tui
1003 867 1105 932 maior
1133 868 1167 930 in

162 955 213 1019 his
249 955 367 1020 libellis
403 955 474 1020 laus
510 957 724 1040 contineatur3
764 955 829 1019 iam
861 955 1012 1041 concedo,
1046 959 1084 1019 ut
1115 955 1167 1019 vel

162 1042 334 1127 Philippici
360 1048 527 1127 vocentur,
558 1044 644 1128 quod
671 1048 708 1107 tu
736 1045 872 1128 quadam
895 1043 1035 1127 epistula
1056 1044 1166 1109 iocans

164 1131 225 1195 scri
249 1131 329 1194 sisti.
484 1169 486 1174 ·
1178 1155 1201 1195 ro

129 1235 144 1284 t
227 1153 362 1282 limbus
391 1218 486 1282 rebus
510 1239 654 1303 egemus,
682 1216 801 1303 Cicero,
829 1218 963 1301 pecunia
985 1222 1018 1283 et
1040 1218 1166 1301 supple

162 1309 285 1390 meut03
318 1327 452 1389 quarum
475 1306 575 1370 altera
597 1309 705 1389 potest
728 1306 785 1370 abs
808 1310 841 1370 to
864 1307 1018 1391 expediri,
1047 1310 1084 1369 ut
1110 1307 1166 1370 ali-

163 1414 226 1476 qua
257 1415 331 1476 pars
363 1394 503 1458 militum
534 1394 630 1458 istinc
661 1395 809 1458 mittatur
839 1394 934 1458 nobis
965 1394 1018 1458 vel
1043 1398 1166 1458 secreto

163 1480 296 1545 consilio
320 1480 470 1546 adversus
493 1480 630 1546 Pansam
652 1482 703 1546 vel
726 1482 850 1546 actione
867 1482 903 1546 iu
921 1485 1043 1566 senatu,
1064 1481 1166 1545 altera

164 1590 227 1652 quo
255 1570 358 1653 magis
388 1574 436 1634 est
462 1570 639 1634 necessaria
665 1591 768 1653 neque
791 1591 862 1633 meo
886 1569 1039 1634 exercitui
1060 1570 1165 1654 magis
1178 1593 1201 1635 15

59 1673 259 1739 (ouffllquam
286 1658 495 1740 reliquorum,
522 1657 584 1721 boc
609 1657 713 1742 magis
736 1657 827 1721 doleo
850 1656 963 1722 Asiam
979 1658 990 1742 ΙΙ
1006 1678 1065 1721 nos
1090 1658 1166 1722 ami-

163 1743 255 1828 sisse3
278 1765 374 1828 quam
397 1745 443 1808 sic
465 1745 573 1809 vexari
596 1768 614 1809 a
638 1743 806 1808 Dolabella
827 1745 931 1829 audio,
953 1749 990 1809 ut
1012 1746 1077 1809 iam
1099 1767 1167 1810 non

163 1831 308 1896 videatur
337 1833 593 1897 crudelissimum
626 1834 693 1897 eius
725 1833 848 1896 facinus
880 1833 1060 1897 interfectio
1091 1833 1166 1897 Tre

162 1919 247 1983 boni.
293 1919 396 1985 Vetus
419 1919 582 1984 Antistius
612 1943 663 1984 me
689 1924 798 1984 tamen
819 1921 953 2004 pecunia
976 1921 1164 1985 sublevavit.

128 2027 144 2075 6
229 2005 354 2091 CicerO,
380 2007 467 2072 filius
494 2012 584 2093 tuus,
612 2009 658 2072 sic
685 2008 765 2072 mibi
793 2030 827 2072 sc
854 2010 970 2092 probat
996 2009 1201 2094 industriam

162 2095 326 2181 patientia,
347 2095 477 2181 labore,¹
489 2096 588 2160 animi
609 2096 838 2180 magnitudine,
860 2097 947 2162 omni
965 2096 1102 2181 denique
1120 2098 1166 2161 of-

162 2183 233 2247 ficio
239 2235 248 2270 ,
275 2187 311 2246 ut
337 2205 469 2266 prorsus
499 2206 674 2268 numquam
697 2184 857 2248 dimittere
879 2184 1024 2249 videatur
1046 2185 1166 2270 cogita-

163 2271 296 2356 tionem,
321 2271 410 2335 ouius
435 2272 478 2336 sit
499 2271 593 2336 filius.
639 2272 752 2356 Quare,
780 2272 931 2355 quoniam
954 2273 1077 2337 efficere
1099 2294 1167 2337 non

162 2380 308 2444 possum,
329 2363 366 2422 ut
388 2359 489 2443 pluris
511 2360 609 2424 facias
630 2382 713 2445 eum,
735 2359 791 2442 qui
814 2359 876 2424 tibi
899 2364 948 2424 est
971 2361 1166 2443 carissimus,
1194 2383 1198 2388 ’

162 2446 241 2509 illud
268 2446 374 2510 tribue
400 2447 517 2512 iudicio
539 2469 625 2532 meo,
652 2451 689 2511 ut
711 2447 773 2510 tibi
795 2448 985 2530 persuadeas
1007 2470 1074 2512 non
1096 2449 1166 2513 fore
1179 2475 1204 2514 ae

162 2532 210 2596 illi
234 2533 429 2598 abutendum
452 2534 555 2620 gloria
576 2539 647 2621 tua,
673 2539 711 2598 ut
734 2535 928 2619 adipiscatur
950 2535 1089 2600 honores
1112 2559 1166 2620 pa

162 2623 280 2684 ternos.
325 2620 457 2686 Kalend.
475 2621 552 2706 Apr.
572 2621 758 2706 Dyrrachio.

496 2830 776 2918 umam

313 2965 370 3020 Sor.
385 2966 488 3022 Romae
502 2970 576 3037 prid
590 2969 633 3024 Id.
649 2969 718 3040 Apr.
732 2987 812 3025 mcccc
828 2989 855 3025 a.
870 2974 922 3026 711
943 2974 1011 3040 (43).

381 3151 383 3156 ,
483 3105 610 3162 CICERO
628 3109 750 3164 BRUTO
769 3110 842 3166 SAL.
1180 3125 1206 3164 ³⁰

129 3249 143 3296 1
229 3230 322 3295 Datis
343 3252 435 3296 mane
454 3253 480 3295 a.
495 3232 523 3296 d.
537 3251 576 3297 m
594 3232 639 3298 Id.
653 3233 755 3318 April.
771 3233 900 3320 Scaptio
918 3236 1036 3302 litteris
1055 3237 1166 3302 eodem

11 3323 12 3348 ³
165 3318 215 3381 die
246 3321 318 3382 tuas
350 3319 456 3401 accepi
487 3319 558 3384 Kal.
583 3319 684 3403 April
708 3320 1004 3406 Dyrrachiodatas
1031 3325 1158 3409 uesperi

164 3403 278 3487 Itaque
299 3427 391 3470 mane
414 3407 494 3489 prid.
512 3407 558 3472 Id.
578 3406 665 3492 Apr,
687 3429 758 3473 cum
781 3433 800 3474 a
819 3410 950 3495 Scaptio
968 3413 1085 3476 certior
1102 3414 1167 3478 fac-

165 3493 218 3555 tus
242 3513 344 3556 essem
365 3515 431 3557 uon
454 3515 522 3559 esse
546 3515 600 3558 eos
623 3495 792 3581 profectos,
815 3500 932 3582 quibus
955 3500 1056 3584 pridie
1075 3500 1166 3566 dede-
