2578 3886
257 144 515 198 EPISTULARUM
533 145 583 198 AD
602 144 768 198 ATTIOUM
785 145 824 198 XI
843 151 886 214 24,
906 151 947 198 25.
1053 145 1116 208 351

164 287 266 352 Illum
289 288 475 352 discessisse
497 287 694 351 Alexandria
717 310 828 351 rumor
849 291 897 351 est
919 309 985 350 non
1003 288 1153 352 firmusa

90 380 192 440 ortus
225 398 264 440 ex
293 375 418 459 Sulpici
431 454 433 460 Ι
448 377 582 460 lilleris3
616 398 695 459 quas
729 376 835 439 euneli
869 380 982 458 postea
1009 377 1118 439 nuntii

91 465 340 528 confirmarunt.
387 463 481 540 Quod
512 486 624 527 verum
657 487 698 527 an
728 464 846 528 falsum
875 464 932 548 sil,
965 464 1118 549 quoniam

90 558 171 616 mes
193 552 277 617 nihil
300 552 444 637 interest,
467 556 577 615 ulrum
600 552 721 636 malim,
742 553 856 616 neseis.

63 665 77 706 s
168 639 262 717 Quod
298 640 338 704 ad
369 644 403 704 le
434 641 500 704 iam
532 640 657 722 pridem
690 641 728 704 de
764 643 959 705 testamento
994 640 1152 725 scripsi,3

93 730 185 812 apud
214 727 415 813 †epislolas
445 729 557 814 velim,
592 731 629 791 ul
661 729 798 813 possim,
830 729 988 793 adversas.
1043 727 1116 812 Ego

91 817 195 880 huius
219 817 428 881 miserrumae
450 817 635 900 †faeullale
658 817 823 880 confectus
847 817 1022 881 conflictor.
1058 815 1117 879 Ni-

92 905 145 968 hil
170 927 323 988 umquam
347 905 453 969 simile
476 909 592 968 nalum
613 909 703 987 pulo.
741 904 825 982 Quoi
847 906 876 969 si
899 928 964 989 qua
985 914 1021 969 ie
1044 927 1117 969 eon-

95 993 205 1056 sulere
232 993 355 1077 aliquid
382 1015 529 1077 possum,
562 993 655 1076 cupio
685 1016 703 1057 a
730 997 763 1056 le
791 995 965 1058 admoneri.
1011 993 1116 1057 Video

48 1107 79 1145 ιο
95 1080 233 1145 eandem
252 1103 321 1145 esse
340 1081 565 1146 difficultatem
584 1104 680 1164 quam
700 1082 736 1144 in
754 1083 889 1146 consilio
909 1082 1013 1146 dando
1033 1085 1116 1146 ante.

94 1169 219 1234 Tamen
241 1170 304 1234 hoe
326 1192 378 1233 me
401 1170 506 1254 magis
531 1170 687 1234 sollieilal
710 1192 806 1253 quam
830 1171 946 1234 emnia.
984 1169 1023 1234 In
1041 1193 1117 1253 pen-

95 1259 189 1322 sione
213 1259 350 1322 seeunda
372 1259 457 1322 caeci
480 1259 609 1321 fuimus.
656 1255 756 1321 Aliud
778 1259 921 1342 mallem3
949 1259 1004 1322 sed
1027 1281 1116 1342 prae

93 1347 196 1410 teriia.
233 1345 278 1410 Te
302 1368 369 1430 ore,
393 1351 430 1409 ul
453 1347 487 1410 in
511 1346 646 1429 perditis
670 1346 767 1410 rebus
793 1348 820 1410 si
839 1346 918 1430 quid
937 1348 1019 1431 cogi,
1043 1368 1116 1411 con-

93 1435 149 1498 fici
173 1438 297 1518 polest,
327 1434 415 1518 quod
443 1435 486 1497 sie
513 1435 549 1497 in
577 1438 664 1518 luto,
693 1457 731 1498 ex
755 1438 890 1518 argente
915 1439 1011 1518 atque
1036 1436 1115 1499 satis

49 1522 201 1588 15m11lla
234 1545 273 1587 ex
307 1522 520 1607 supellectile,
551 1522 606 1586 des
636 1545 774 1606 operam.
823 1522 892 1586 Iam
921 1524 1007 1586 enim
1034 1523 1116 1587 mihi

94 1611 226 1675 videtur
254 1611 364 1674 adesse
392 1613 572 1674 extremum
594 1633 653 1674 nec
676 1610 742 1674 ulla
764 1611 835 1674 fore
858 1611 1002 1674 condicio
1026 1612 1116 1692 pasis

95 1721 206 1784 eaque,
225 1721 308 1782 quae
328 1703 414 1784 sunt,
432 1701 529 1763 eliam
549 1700 618 1763 sine
637 1699 819 1762 adversario
838 1699 990 1782 peritura.
1028 1698 1115 1762 Haec

94 1789 212 1873 etiam,
245 1787 273 1850 si
301 1786 476 1870 videbiiur,
509 1809 581 1851 eum
609 1787 759 1851 Terentia
786 1787 919 1870 loquere
947 1790 1115 1868 oportune.

8 1925 10 1932 >
94 1873 172 1941 Non
203 1897 287 1960 queo
312 1876 420 1940 omnia
445 1875 591 1941 scribere.
629 1875 718 1939 Vale.
756 1893 795 1938 111
817 1874 902 1939 Non.
927 1873 1078 1949 Quinalil.
