2568 3888
262 136 519 192 EPISTULARUM
536 137 587 190 AD
606 135 770 190 ATTICUM
789 137 828 189 III
847 142 959 191 10-12.
1073 136 1116 202 83

75 281 215 363 pedior
239 285 283 365 et,
310 280 397 364 quod
420 283 601 363 exspectem
624 279 735 363 istinc,
756 279 861 363 magis
884 279 997 362 habeo,
1020 301 1117 363 quam

81 369 185 452 quod
218 369 285 452 ipse
313 367 459 432 scribam.
511 366 598 442 Quae
626 367 654 430 si
682 370 776 430 erunt
805 367 915 449 allata,
942 367 1056 431 faciam
1083 371 1116 431 te

81 456 230 520 consilii
253 457 357 521 nostri
380 456 556 520 certiorem.
603 454 666 539 Tu,
688 459 726 519 ut
749 455 852 520 adhuc
873 454 992 540 fecisti,
1020 476 1116 539 quam

82 545 253 627 plurimis
271 545 310 608 de
329 544 426 608 rebus
450 543 490 607 ad
511 565 562 607 me
585 543 682 607 velim
706 543 838 628 scrIbas,
860 545 898 606 ut
919 564 1053 626 prorsus
1076 564 1117 606 ne

58 632 176 716 equid
196 633 352 718 ignorem.
389 630 475 696 Data
493 649 570 694 xlm
588 629 659 696 Kal.
684 629 843 706 Quintiles
862 630 1116 696 Thessalonicae.

580 848 635 914 XI.

242 969 299 1026 Sor.
320 971 526 1026 Iluscolom'coe
544 971 593 1026 IV
608 970 646 1024 K.
668 969 759 1040 Quint.
780 987 805 1025 a.
826 975 882 1026 696
901 974 972 1040 (58).

420 1092 548 1149 CICERO
567 1091 698 1147 ATTICO
719 1091 793 1148 SAL.

163 1202 222 1267 Me
249 1206 281 1267 et
308 1206 383 1266 tuae
409 1201 538 1265 litterae
566 1205 598 1264 et
627 1201 756 1285 quidam
787 1201 864 1266 boni
895 1202 1018 1289 nuntii,
1048 1215 1148 1267 nonl

54 1309 78 1346 1⁰
92 1291 234 1376 optimis
265 1295 375 1355 tamen
406 1290 606 1373 auctoribus,
643 1293 676 1353 et
707 1290 903 1372 exspectatio
935 1295 1114 1357 vestrarum

91 1381 295 1465 Iltterarum,
324 1382 357 1442 et
384 1378 471 1463 quod
498 1377 561 1441 tibi
582 1377 630 1440 ita
652 1377 829 1462 placuerat,
855 1378 958 1443 adhuc
979 1379 1114 1444 Thessa-

93 1468 224 1533 lonicae
250 1466 390 1531 tenebet.
439 1463 475 1530 si
503 1486 651 1548 accepero
678 1465 820 1550 litteras,
847 1488 927 1550 ques
955 1471 1113 1554 exspecto,

97 1557 126 1620 si
145 1576 220 1640 spes
241 1557 305 1619 erit
328 1577 374 1639 ea,
397 1575 479 1638 quae
501 1553 686 1618 rumoribus
710 1553 921 1637 adferebatur,
945 1555 984 1618 ad
1007 1559 1040 1619 te
1062 1579 1113 1620 me

98 1645 273 1728 conferam3
292 1642 320 1706 si
334 1663 401 1706 non
419 1641 491 1728 erit,
508 1642 624 1706 faciam
642 1644 675 1705 te
693 1641 870 1726 certiorem,
889 1643 966 1726 quid
985 1643 1112 1726 egerim.

61 1746 85 1787 1⁵
99 1732 149 1796 Tu
170 1754 231 1818 me,
254 1735 293 1795 ut
311 1730 400 1815 facis,
424 1751 529 1815 opera,
552 1729 697 1812 consilio,
719 1730 825 1814 gratia
843 1730 930 1813 iuva,
954 1730 1147 1795 consolaria

100 1821 165 1885 ism
192 1819 315 1904 desine,
347 1818 518 1902 obiurgare
539 1839 615 1882 vero
637 1817 720 1901 noli3
749 1818 931 1902 quodcum
957 1818 1050 1904 facis,
1076 1824 1114 1884 ut

102 1929 160 1993 ego
183 1911 278 1972 tuum
302 1927 443 1971 amorem
466 1909 499 1970 et
522 1905 665 1971 dolorem
687 1905 843 1970 desideret
881 1927 976 1989 quem
994 1907 1041 1970 ita
1061 1907 1114 1970 ad-

101 1997 219 2060 fectum
245 2017 317 2059 mea
345 2015 496 2058 aerumna
520 2014 588 2058 esse
612 1993 765 2078 arbitror,
792 1998 830 2058 ut
851 1997 884 2058 te
911 1994 1018 2078 ipsum
1041 2016 1114 2059 con-

105 2084 199 2149 solari
220 2103 316 2148 nemo
339 2083 454 2166 possit.
491 2079 647 2158 Quintum
668 2081 801 2146 fratrem
826 2082 983 2166 optimum
1002 2082 1114 2147 huma-

68 2172 334 2255 2⁰nissimumque
362 2173 516 2234 sustenta.
562 2169 614 2234 Ad
640 2190 692 2233 me
720 2170 853 2235 obsecro
881 2174 914 2233 te
941 2175 979 2234 ut
1007 2173 1114 2235 onmia

105 2265 188 2325 certa
209 2259 398 2344 perscribas.
444 2257 530 2323 Data
552 2275 606 2321 1111
627 2256 699 2322 Kal.
723 2256 890 2333 Quintiles.

567 2475 639 2542 XII.

223 2599 281 2656 Sor.
303 2599 510 2654 Thessalonicae
528 2598 609 2653 XVI
622 2598 690 2652 Kal.
710 2598 781 2654 Sext.
801 2617 827 2653 a.
847 2603 903 2654 696
921 2603 992 2669 (58).

422 2719 549 2777 CICERO
569 2719 699 2776 ATTICO
720 2721 793 2777 SAL.

23 2867 24 2918 ,
75 2857 97 2897 n
170 2830 216 2895 ra
243 2831 374 2916 quidem
402 2830 512 2895 sedulo
541 2830 788 2916 argumentaris,
816 2831 893 2915 quid
920 2830 963 2894 sit
986 2849 1147 2914 spemn-1

23 2923 24 2928 ’
110 2920 179 2984 dum
196 2923 227 2983 et
244 2919 384 2984 maxime
401 2940 459 3002 per
478 2920 635 3003 senatum,
653 2918 801 3003 idemque
819 2923 916 3003 caput
933 2920 1113 3004 rogationis

110 3007 238 3092 proponi
263 3007 386 3092 scribis,
410 3028 508 3091 quare
530 3007 567 3070 iu
589 3010 702 3070 senatu
724 3006 787 3070 dici
809 3007 893 3071 nihil
910 3007 1013 3072 liceat.
1050 3006 1115 3072 Ita-

111 3117 166 3180 que
191 3096 313 3160 siletur.
358 3093 421 3159 Hic
449 3097 486 3160 tu
512 3117 564 3158 me
587 3116 732 3180 accusas,
762 3095 848 3179 quod
870 3117 922 3160 me
946 3091 1115 3182 editiotem,

111 3207 175 3249 cum
202 3185 250 3248 lta
280 3184 341 3248 sim
369 3183 515 3247 adflictus
542 3186 580 3247 ut
607 3204 700 3246 nemo
728 3204 894 3270 umquam,
926 3184 1013 3268 quod
1042 3188 1114 3248 tute

78 3273 270 3357 aintellegis.
324 3271 420 3355 Spem
450 3270 593 3335 ostendis
626 3271 800 3336 secundum
833 3271 972 3340 comitia.
1027 3270 1114 3347 Ouae

111 3363 168 3426 ista
184 3364 232 3426 est
252 3360 363 3426 eodem
380 3359 514 3428 tribuno¹
531 3359 573 3444 pl.
589 3361 621 3422 et
634 3359 764 3424 inimico
778 3358 910 3423 consule
923 3359 1113 3444 designato?

110 3448 290 3516 Percussisti
319 3452 425 3514 autem
451 3469 503 3512 me
526 3449 623 3512 etiam
646 3448 684 3512 de
708 3447 853 3511 oratione
877 3447 1011 3530 prolata.
1053 3445 1113 3511 Cui
1132 3463 1148 3510 2

918 3549 952 3600 6*
