2560 3880
184 180 250 246 528
509 179 546 234 Μ.
566 180 674 235 TULLI
693 178 883 235 CICERONIS

184 323 264 389 meis
290 322 411 387 litteris
433 323 607 409 recordari3
641 345 836 408 quamquam
859 325 931 386 turn
954 324 987 386 et
1009 321 1111 406 fugae
1133 341 1203 406 por-

184 416 239 476 tus
272 414 342 476 erat
369 411 405 476 in
430 411 497 476 tuis
526 411 640 476 castris
668 416 701 475 et
729 411 911 476 subsidium
939 409 1055 474 salutis
1083 410 1122 474 in
1149 413 1202 472 tuo

186 500 335 565 exercitu.
373 499 442 575 Quo
466 499 570 584 magis
592 520 679 564 nunc
700 499 840 583 liberati,
863 502 901 562 ut
924 519 1030 583 spero,
1052 497 1203 581 periculis

186 588 222 652 in
244 586 414 653 Dolabella
437 588 648 671 opprimendo
673 587 820 671 occupati
844 607 914 651 esse
937 586 1100 650 debemus.
1144 583 1202 649 Sed

185 677 265 740 haec
282 676 441 762 cogitabis
459 675 659 760 diligentius,
678 678 801 740 statues
821 675 996 759 sapientem
1018 674 1120 738 facies
1137 695 1202 756 nos,
1223 699 1231 737 s

187 765 266 849 quid
294 764 502 829 constitueris
526 767 559 827 ct
582 763 661 849 qnid
683 784 774 849 agas,
803 762 831 828 si
853 763 914 827 tibi
937 761 1117 848 videbitur,
1143 783 1202 826 car·

187 853 296 917 tiores.

150 957 167 1004 a
255 938 440 1005 Ciceronem
466 943 617 1005 nostrum
640 938 675 1003 in
697 942 842 1003 restrum
864 938 1036 1024 collegium
1059 938 1203 1022 cooptari

187 1027 271 1094 volo.
326 1028 489 1092 Existimo
527 1027 657 1092 omnino
696 1027 879 1092 absentium
911 1027 1072 1091 rationem
1107 1048 1202 1090 sacer·

187 1116 301 1181 dotum
328 1116 468 1180 comitiis
496 1137 592 1198 possa
618 1115 747 1201 haberi3
778 1137 853 1179 nam
881 1116 978 1180 etiam
1004 1115 1130 1179 factum
1158 1118 1230 1178 esta

188 1208 292 1268 antea.
338 1201 438 1268 Gaius
462 1204 548 1269 enim
570 1203 702 1288 Marius,
730 1225 803 1268 cum
825 1204 863 1269 ia
886 1201 1090 1289 Cappadocia
1116 1206 1201 1282 esset,

187 1292 258 1377 lege
285 1290 431 1356 Domitia
460 1292 566 1356 factus
603 1295 653 1356 est
684 1313 801 1378 augur,
834 1313 905 1376 nec,
945 1313 1009 1377 quo
1036 1291 1147 1356 minus
1173 1290 1201 1354 id

188 1383 302 1464 postea
324 1380 443 1464 liceret,
465 1380 532 1444 ulla
550 1380 603 1445 lex
621 1381 737 1444 sanxit.
773 1380 835 1445 Est
854 1381 952 1444 etiam
969 1381 1006 1444 in
1022 1380 1095 1464 lege
1114 1377 1201 1462 Iulia,

189 1490 271 1553 qnae
293 1469 346 1533 lex
369 1471 419 1532 est
442 1468 480 1532 da
504 1468 691 1532 sacerdotiis
714 1469 872 1554 proxima,
898 1469 950 1532 his
972 1468 1097 1532 verbis:
1132 1466 1201 1543 ‘er

188 1574 320 1644 aaran,
352 1573 498 1622 ovrvsva
527 1573 634 1621 namo
662 1557 886 1622 nnnnmrvn?
935 1555 1058 1640 Aperte
1084 1556 1201 1620 indicat
1211 1579 1229 1618 a

187 1665 285 1729 posse
314 1645 473 1709 rationem
495 1644 608 1709 haberi
632 1644 729 1709 ctiam
751 1667 817 1709 non
840 1645 1027 1729 praesentis.
1074 1643 1147 1708 Hac
1169 1643 1201 1707 de

189 1755 224 1796 re
253 1733 368 1816 scripsi
396 1733 436 1796 ad
465 1755 550 1817 eum,
582 1737 619 1797 ut
647 1736 705 1797 tuo
734 1733 854 1797 indicio
881 1736 1028 1797 uteretur
1057 1733 1145 1796 sicut
1173 1732 1202 1795 in

188 1821 285 1885 rebus
305 1821 463 1886 omnibus.
492 1820 566 1884 Tibi
580 1824 687 1884 autem
701 1822 783 1886 idem
801 1821 1007 1885 statuendum
1022 1824 1073 1884 est
1088 1821 1129 1885 de
1143 1820 1201 1884 Do

189 1909 293 1994 mitio,
316 1908 355 1973 de
379 1906 502 1973 Catone
524 1913 646 1974 nostro.
685 1907 757 1994 Sed,
781 1909 927 1992 quamvis
945 1909 1042 1973 licoat
1062 1909 1201 1973 absentis

189 1998 348 2061 rationem
369 1997 492 2082 haberi,
519 2001 630 2061 tamen
652 1998 761 2062 omnia
784 2001 861 2061 sunt
883 1997 1111 2081 praesentibus
1135 1997 1230 2061 faci-a

188 2084 279 2149 liora.
325 2084 446 2160 Quodsi
477 2085 628 2150 statueris
656 2085 691 2149 in
713 2084 826 2149 Asiam
849 2086 912 2150 tibi
935 2085 1091 2170 eundum,
1119 2085 1203 2150 nulla

190 2174 252 2237 erit
275 2173 315 2237 ad
337 2173 469 2238 comitia
490 2177 621 2238 nostros
645 2173 825 2238 accersendi
848 2174 994 2238 facultas.

152 2278 171 2326 4
256 2259 395 2325 Omnino
430 2261 537 2326 Pansa
571 2261 646 2326 vivo
678 2262 831 2327 celeriora
862 2262 970 2326 omnia
1000 2262 1202 2346 putabamus.

191 2346 310 2413 Statim
334 2351 419 2414 enim
442 2350 598 2435 collegam
624 2349 687 2413 sibi
711 2350 963 2435 subrogavisset‚
994 2351 1112 2416 deinde
1135 2355 1204 2416 ante

191 2436 353 2519 praetoria
381 2439 584 2502 sacerdotum
605 2437 738 2502 comitia
760 2439 906 2503 fuissent.
952 2437 1050 2503 Nunc
1074 2461 1231 2525 perans

191 2524 291 2606 spicia
323 2524 453 2609 longam
486 2548 611 2590 moram
643 2526 743 2590 video.
789 2525 875 2590 Dum
910 2527 995 2590 enim
1027 2549 1117 2592 nnus
1150 2527 1206 2591 erit

189 2611 344 2695 patricius
376 2615 600 2699 magistratus,
632 2613 775 2698 auspicia
802 2614 842 2678 ad
869 2618 978 2698 patres
1006 2614 1116 2680 redire
1145 2637 1205 2681 non

189 2701 334 2782 possunt.
386 2700 506 2787 Magna
538 2723 614 2766 sane
646 2703 858 2786 perturbatio
913 2701 963 2767 Tu
995 2707 1070 2768 tota
1105 2706 1145 2769 de
1175 2724 1204 2767 re

190 2786 268 2938 oppid
300 2788 433 2872 sentias,
464 2789 562 2854 velim
594 2812 645 2854 me
672 2791 771 2856 facias
799 2790 979 2856 certiorem.
1026 2809 1068 2856 111
1096 2791 1204 2858 Nonas

227 2895 303 2938 aras.
1214 2901 1230 2941 a

669 3053 726 3120 VI.

393 3172 452 3229 Sor.
467 3173 571 3229 Romae
589 3175 669 3230 XIV
684 3176 721 3231 K.
736 3178 801 3230 Ian.
817 3193 842 3231 a.
859 3180 913 3232 711
934 3179 1003 3246 (43).

485 3295 628 3351 BRUTUS
647 3296 817 3354 CICERONI
835 3299 909 3354 SAL.

158 3415 172 3462 1
258 3400 337 3467 Noli
361 3407 554 3490 exspectare,
576 3404 652 3468 dum
674 3406 738 3469 tibi
761 3407 883 3490 gratias
907 3428 1012 3493 agam.
1054 3409 1128 3475 Iam
1151 3408 1205 3494 pri·

193 3487 264 3551 dem
294 3489 357 3556 hoc
385 3513 423 3555 ex
450 3495 564 3557 nostra
589 3493 837 3580 necessitudine,
870 3517 952 3579 quae
980 3496 1022 3561 ad
1050 3517 1231 3564 summams
