<?xml version="1.0" encoding="UTF-8"?>
<!DOCTYPE html PUBLIC "-//W3C//DTD XHTML 1.0 Transitional//EN"
    "http://www.w3.org/TR/xhtml1/DTD/xhtml1-transitional.dtd">
<html xmlns="http://www.w3.org/1999/xhtml" xml:lang="en" lang="en">
 <head>
  <title>
</title>
<meta http-equiv="Content-Type" content="text/html;charset=utf-8" />
  <meta name='ocr-system' content='tesseract 3.04.00' />
  <meta name='ocr-capabilities' content='ocr_page ocr_carea ocr_par ocr_line ocrx_word'/>
</head>
<body>
  <div class='ocr_page' id='page_1' title='image "./scriptaquaemans00mullgoog_0237.png"; bbox 0 0 2568 3888; ppageno 0'>
   <div class='ocr_carea' id='block_1_1' title="bbox 100 154 874 218">
    <p class='ocr_par' dir='ltr' id='par_1_1' title="bbox 100 154 874 218">
     <span class='ocr_line' id='line_1_1' title="bbox 100 154 874 218; baseline 0.012 -17"><span class='ocrx_word' id='word_1_1' title='bbox 100 197 102 201; x_wconf 88' lang='lat'>.</span> <span class='ocrx_word' id='word_1_2' title='bbox 177 155 218 218; x_wconf 76' lang='lat'><strong>72</strong></span> <span class='ocrx_word' id='word_1_3' title='bbox 499 155 538 209; x_wconf 91' lang='lat' dir='ltr'><strong>M.</strong></span> <span class='ocrx_word' id='word_1_4' title='bbox 558 155 666 208; x_wconf 84' lang='lat' dir='ltr'>TULLI</span> <span class='ocrx_word' id='word_1_5' title='bbox 685 154 874 210; x_wconf 79' lang='lat' dir='ltr'>CICERONIS</span> 
     </span>
    </p>
   </div>
   <div class='ocr_carea' id='block_1_2' title="bbox 139 297 1270 912">
    <p class='ocr_par' dir='ltr' id='par_1_2' title="bbox 139 297 1270 912">
     <span class='ocr_line' id='line_1_2' title="bbox 174 297 1211 381; baseline -0.002 -19"><span class='ocrx_word' id='word_1_6' title='bbox 174 297 251 362; x_wconf 87' lang='lat' dir='ltr'><strong>Idus</strong></span> <span class='ocrx_word' id='word_1_7' title='bbox 283 298 359 363; x_wconf 90' lang='lat' dir='ltr'><strong>Mai.</strong></span> <span class='ocrx_word' id='word_1_8' title='bbox 392 298 532 363; x_wconf 92' lang='lat' dir='ltr'><strong>Bibulus</strong></span> <span class='ocrx_word' id='word_1_9' title='bbox 564 298 757 381; x_wconf 88' lang='lat' dir='ltr'><strong>Pompeium</strong></span> <span class='ocrx_word' id='word_1_10' title='bbox 789 299 910 363; x_wconf 86' lang='lat' dir='ltr'><strong>fecerat</strong></span> <span class='ocrx_word' id='word_1_11' title='bbox 942 298 1133 381; x_wconf 72' lang='lat' dir='ltr'>certiorem,</span> <span class='ocrx_word' id='word_1_12' title='bbox 1167 300 1211 360; x_wconf 91' lang='lat' dir='ltr'><strong>ut</strong></span> 
     </span>
     <span class='ocr_line' id='line_1_3' title="bbox 175 386 1270 474; baseline -0.001 -24"><span class='ocrx_word' id='word_1_13' title='bbox 175 391 301 451; x_wconf 87' lang='lat' dir='ltr'><strong>caveret</strong></span> <span class='ocrx_word' id='word_1_14' title='bbox 331 386 480 471; x_wconf 71' lang='lat' dir='ltr'><strong>insidias,</strong></span> <span class='ocrx_word' id='word_1_15' title='bbox 510 387 545 450; x_wconf 92' lang='lat' dir='ltr'><strong>in</strong></span> <span class='ocrx_word' id='word_1_16' title='bbox 574 408 638 470; x_wconf 90' lang='lat' dir='ltr'><strong>quo</strong></span> <span class='ocrx_word' id='word_1_17' title='bbox 667 387 696 450; x_wconf 90' lang='lat' dir='ltr'><strong>ei</strong></span> <span class='ocrx_word' id='word_1_18' title='bbox 723 386 898 470; x_wconf 88' lang='lat' dir='ltr'><strong>Pompeius</strong></span> <span class='ocrx_word' id='word_1_19' title='bbox 927 387 1049 472; x_wconf 83' lang='lat' dir='ltr'><strong>gratias</strong></span> <span class='ocrx_word' id='word_1_20' title='bbox 1080 389 1208 471; x_wconf 87' lang='lat' dir='ltr'><strong>egerat.</strong></span> <span class='ocrx_word' id='word_1_21' title='bbox 1269 403 1270 474; x_wconf 57' lang='grc' dir='ltr'><strong>ξ</strong></span> 
     </span>
     <span class='ocr_line' id='line_1_4' title="bbox 139 472 1209 558; baseline -0.003 -19"><span class='ocrx_word' id='word_1_22' title='bbox 139 475 389 539; x_wconf 79' lang='lat' dir='ltr'><strong>elndroductus</strong></span> <span class='ocrx_word' id='word_1_23' title='bbox 409 472 507 539; x_wconf 88' lang='lat' dir='ltr'><strong>Curio</strong></span> <span class='ocrx_word' id='word_1_24' title='bbox 527 475 614 539; x_wconf 90' lang='lat' dir='ltr'><strong>filius</strong></span> <span class='ocrx_word' id='word_1_25' title='bbox 634 475 717 538; x_wconf 91' lang='lat' dir='ltr'><strong>dixit</strong></span> <span class='ocrx_word' id='word_1_26' title='bbox 736 475 776 539; x_wconf 92' lang='lat' dir='ltr'><strong>ad</strong></span> <span class='ocrx_word' id='word_1_27' title='bbox 795 497 840 558; x_wconf 89' lang='lat' dir='ltr'><strong>ea,</strong></span> <span class='ocrx_word' id='word_1_28' title='bbox 865 497 947 558; x_wconf 87' lang='lat' dir='ltr'><strong>quae</strong></span> <span class='ocrx_word' id='word_1_29' title='bbox 960 473 1094 540; x_wconf 88' lang='lat' dir='ltr'><strong>Vettius</strong></span> <span class='ocrx_word' id='word_1_30' title='bbox 1115 473 1209 537; x_wconf 87' lang='lat' dir='ltr'><strong>dixe·</strong></span> 
     </span>
     <span class='ocr_line' id='line_1_5' title="bbox 174 561 1270 649; baseline 0.004 -23"><span class='ocrx_word' id='word_1_31' title='bbox 174 567 235 649; x_wconf 88' lang='lat' dir='ltr'><strong>rat,</strong></span> <span class='ocrx_word' id='word_1_32' title='bbox 258 564 460 647; x_wconf 79' lang='lat' dir='ltr'><strong>maximeque</strong></span> <span class='ocrx_word' id='word_1_33' title='bbox 483 563 519 626; x_wconf 96' lang='lat' dir='ltr'><strong>in</strong></span> <span class='ocrx_word' id='word_1_34' title='bbox 537 585 574 627; x_wconf 89' lang='lat' dir='ltr'><strong>eo</strong></span> <span class='ocrx_word' id='word_1_35' title='bbox 589 567 661 627; x_wconf 91' lang='lat' dir='ltr'><strong>tum</strong></span> <span class='ocrx_word' id='word_1_36' title='bbox 676 563 805 647; x_wconf 90' lang='lat' dir='ltr'><strong>quidem</strong></span> <span class='ocrx_word' id='word_1_37' title='bbox 817 563 950 628; x_wconf 89' lang='lat' dir='ltr'><strong>Vettius</strong></span> <span class='ocrx_word' id='word_1_38' title='bbox 964 567 1014 628; x_wconf 91' lang='lat' dir='ltr'><strong>est</strong></span> <span class='ocrx_word' id='word_1_39' title='bbox 1028 561 1208 646; x_wconf 88' lang='lat' dir='ltr'><strong>reprehen·</strong></span> <span class='ocrx_word' id='word_1_40' title='bbox 1235 569 1239 580; x_wconf 87' lang='lat'>&#39;</span> <span class='ocrx_word' id='word_1_41' title='bbox 1269 627 1270 630; x_wconf 74' lang='grc'><strong>,</strong></span> 
     </span>
     <span class='ocr_line' id='line_1_6' title="bbox 175 651 1253 738; baseline 0 -22"><span class='ocrx_word' id='word_1_42' title='bbox 175 673 241 738; x_wconf 89' lang='lat' dir='ltr'><strong>sus,</strong></span> <span class='ocrx_word' id='word_1_43' title='bbox 264 652 350 735; x_wconf 92' lang='lat' dir='ltr'><strong>quod</strong></span> <span class='ocrx_word' id='word_1_44' title='bbox 373 652 498 715; x_wconf 90' lang='lat' dir='ltr'><strong>dixerat</strong></span> <span class='ocrx_word' id='word_1_45' title='bbox 512 653 549 716; x_wconf 77' lang='lat' dir='ltr'><strong>id</strong></span> <span class='ocrx_word' id='word_1_46' title='bbox 566 653 667 734; x_wconf 75' lang='lat' dir='ltr'><strong>fuisse</strong></span> <span class='ocrx_word' id='word_1_47' title='bbox 685 651 939 716; x_wconf 87' lang='lat' dir='ltr'><strong>adulescentium</strong></span> <span class='ocrx_word' id='word_1_48' title='bbox 956 651 1143 734; x_wconf 89' lang='lat' dir='ltr'><strong>consilium,</strong></span> <span class='ocrx_word' id='word_1_49' title='bbox 1167 654 1210 714; x_wconf 89' lang='lat' dir='ltr'><strong>ut</strong></span> <span class='ocrx_word' id='word_1_50' title='bbox 1238 676 1253 716; x_wconf 84' lang='lat'>5</span> 
     </span>
     <span class='ocr_line' id='line_1_7' title="bbox 174 739 1209 824; baseline -0.002 -21"><span class='ocrx_word' id='word_1_51' title='bbox 174 740 210 803; x_wconf 95' lang='lat' dir='ltr'><strong>in</strong></span> <span class='ocrx_word' id='word_1_52' title='bbox 239 740 311 804; x_wconf 87' lang='lat' dir='ltr'><strong>foro</strong></span> <span class='ocrx_word' id='word_1_53' title='bbox 342 739 577 824; x_wconf 77' lang='lat' dir='ltr'><strong>gladiatoribus</strong></span> <span class='ocrx_word' id='word_1_54' title='bbox 609 739 728 804; x_wconf 79' lang='lat' dir='ltr'><strong>Gabini</strong></span> <span class='ocrx_word' id='word_1_55' title='bbox 757 739 947 823; x_wconf 92' lang='lat' dir='ltr'><strong>Pompeium</strong></span> <span class='ocrx_word' id='word_1_56' title='bbox 979 739 1209 823; x_wconf 74' lang='lat' dir='ltr'><strong>adorirentur,</strong></span> 
     </span>
     <span class='ocr_line' id='line_1_8' title="bbox 174 811 1270 912; baseline -0.001 -21"><span class='ocrx_word' id='word_1_57' title='bbox 174 828 210 892; x_wconf 93' lang='lat' dir='ltr'><strong>in</strong></span> <span class='ocrx_word' id='word_1_58' title='bbox 240 850 277 892; x_wconf 91' lang='lat' dir='ltr'><strong>eo</strong></span> <span class='ocrx_word' id='word_1_59' title='bbox 305 829 484 912; x_wconf 90' lang='lat' dir='ltr'><strong>principem</strong></span> <span class='ocrx_word' id='word_1_60' title='bbox 511 827 649 892; x_wconf 91' lang='lat' dir='ltr'><strong>Paulum</strong></span> <span class='ocrx_word' id='word_1_61' title='bbox 678 828 794 911; x_wconf 73' lang='lat' dir='ltr'><strong>fixisse,</strong></span> <span class='ocrx_word' id='word_1_62' title='bbox 827 850 923 911; x_wconf 87' lang='lat' dir='ltr'><strong>quern</strong></span> <span class='ocrx_word' id='word_1_63' title='bbox 955 827 1131 892; x_wconf 73' lang='lat' dir='ltr'><strong>constabat</strong></span> <span class='ocrx_word' id='word_1_64' title='bbox 1167 848 1210 891; x_wconf 90' lang='lat' dir='ltr'><strong>eo</strong></span> <span class='ocrx_word' id='word_1_65' title='bbox 1269 811 1270 870; x_wconf 71' lang='lat' dir='ltr'><strong>l</strong></span> 
     </span>
    </p>
   </div>
   <div class='ocr_carea' id='block_1_3' title="bbox 135 915 1270 3558">
    <p class='ocr_par' dir='ltr' id='par_1_3' title="bbox 135 915 1270 3558">
     <span class='ocr_line' id='line_1_9' title="bbox 175 915 1210 999; baseline -0.001 -20"><span class='ocrx_word' id='word_1_66' title='bbox 175 920 320 999; x_wconf 90' lang='lat' dir='ltr'><strong>tempore</strong></span> <span class='ocrx_word' id='word_1_67' title='bbox 343 916 378 980; x_wconf 94' lang='lat' dir='ltr'><strong>in</strong></span> <span class='ocrx_word' id='word_1_68' title='bbox 400 915 588 981; x_wconf 87' lang='lat' dir='ltr'><strong>Macedonia</strong></span> <span class='ocrx_word' id='word_1_69' title='bbox 610 916 719 981; x_wconf 82' lang='lat' dir='ltr'><strong>fuisse.</strong></span> <span class='ocrx_word' id='word_1_70' title='bbox 765 915 820 980; x_wconf 86' lang='lat' dir='ltr'><strong>Fit</strong></span> <span class='ocrx_word' id='word_1_71' title='bbox 849 919 980 980; x_wconf 87' lang='lat' dir='ltr'><strong>senatus</strong></span> <span class='ocrx_word' id='word_1_72' title='bbox 1004 915 1210 999; x_wconf 88' lang='lat' dir='ltr'><strong>consultum,</strong></span> 
     </span>
     <span class='ocr_line' id='line_1_10' title="bbox 174 1003 1210 1088; baseline -0.001 -21"><span class='ocrx_word' id='word_1_73' title='bbox 174 1007 211 1067; x_wconf 94' lang='lat' dir='ltr'><strong>ut</strong></span> <span class='ocrx_word' id='word_1_74' title='bbox 229 1003 370 1088; x_wconf 88' lang='lat' dir='ltr'><strong>Vettius,</strong></span> <span class='ocrx_word' id='word_1_75' title='bbox 394 1004 481 1088; x_wconf 90' lang='lat' dir='ltr'><strong>quod</strong></span> <span class='ocrx_word' id='word_1_76' title='bbox 503 1005 670 1068; x_wconf 81' lang='lat' dir='ltr'><strong>confessus</strong></span> <span class='ocrx_word' id='word_1_77' title='bbox 690 1008 772 1068; x_wconf 90' lang='lat' dir='ltr'><strong>esset</strong></span> <span class='ocrx_word' id='word_1_78' title='bbox 792 1026 825 1068; x_wconf 90' lang='lat' dir='ltr'><strong>se</strong></span> <span class='ocrx_word' id='word_1_79' title='bbox 844 1026 917 1069; x_wconf 92' lang='lat' dir='ltr'><strong>cum</strong></span> <span class='ocrx_word' id='word_1_80' title='bbox 939 1005 1005 1069; x_wconf 90' lang='lat' dir='ltr'><strong>telo</strong></span> <span class='ocrx_word' id='word_1_81' title='bbox 1028 1004 1145 1088; x_wconf 86' lang='lat' dir='ltr'><strong>fuisse,</strong></span> <span class='ocrx_word' id='word_1_82' title='bbox 1171 1003 1210 1066; x_wconf 94' lang='lat' dir='ltr'><strong>in</strong></span> 
     </span>
     <span class='ocr_line' id='line_1_11' title="bbox 173 1091 1253 1178; baseline 0.001 -22"><span class='ocrx_word' id='word_1_83' title='bbox 173 1091 303 1156; x_wconf 84' lang='lat' dir='ltr'><strong>vincula</strong></span> <span class='ocrx_word' id='word_1_84' title='bbox 339 1093 552 1178; x_wconf 81' lang='lat' dir='ltr'><strong>coniceretur3</strong></span> <span class='ocrx_word' id='word_1_85' title='bbox 585 1093 642 1176; x_wconf 89' lang='lat' dir='ltr'><strong>qui</strong></span> <span class='ocrx_word' id='word_1_86' title='bbox 675 1093 843 1176; x_wconf 80' lang='lat' dir='ltr'><strong>emisisset,</strong></span> <span class='ocrx_word' id='word_1_87' title='bbox 875 1115 949 1157; x_wconf 88' lang='lat' dir='ltr'><strong>eum</strong></span> <span class='ocrx_word' id='word_1_88' title='bbox 981 1095 1096 1156; x_wconf 90' lang='lat' dir='ltr'><strong>eontra</strong></span> <span class='ocrx_word' id='word_1_89' title='bbox 1130 1114 1209 1156; x_wconf 88' lang='lat' dir='ltr'><strong>rem</strong></span> <span class='ocrx_word' id='word_1_90' title='bbox 1224 1119 1253 1157; x_wconf 85' lang='lat' dir='ltr'><strong>ro</strong></span> 
     </span>
     <span class='ocr_line' id='line_1_12' title="bbox 173 1179 1208 1264; baseline 0.001 -21"><span class='ocrx_word' id='word_1_91' title='bbox 173 1180 337 1263; x_wconf 85' lang='lat' dir='ltr'><strong>publicam</strong></span> <span class='ocrx_word' id='word_1_92' title='bbox 360 1202 429 1244; x_wconf 91' lang='lat' dir='ltr'><strong>esse</strong></span> <span class='ocrx_word' id='word_1_93' title='bbox 451 1181 621 1245; x_wconf 87' lang='lat' dir='ltr'><strong>facturum.</strong></span> <span class='ocrx_word' id='word_1_94' title='bbox 667 1180 732 1245; x_wconf 84' lang='lat' dir='ltr'><strong>Res</strong></span> <span class='ocrx_word' id='word_1_95' title='bbox 756 1185 825 1245; x_wconf 88' lang='lat' dir='ltr'><strong>erat</strong></span> <span class='ocrx_word' id='word_1_96' title='bbox 848 1181 883 1245; x_wconf 89' lang='lat' dir='ltr'><strong>in</strong></span> <span class='ocrx_word' id='word_1_97' title='bbox 906 1203 944 1245; x_wconf 89' lang='lat' dir='ltr'><strong>ea</strong></span> <span class='ocrx_word' id='word_1_98' title='bbox 968 1179 1139 1264; x_wconf 86' lang='lat' dir='ltr'><strong>opinione,</strong></span> <span class='ocrx_word' id='word_1_99' title='bbox 1165 1184 1208 1244; x_wconf 90' lang='lat' dir='ltr'><strong>ut</strong></span> 
     </span>
     <span class='ocr_line' id='line_1_13' title="bbox 173 1267 1209 1354; baseline -0.001 -22"><span class='ocrx_word' id='word_1_100' title='bbox 173 1271 326 1351; x_wconf 89' lang='lat' dir='ltr'><strong>putarent</strong></span> <span class='ocrx_word' id='word_1_101' title='bbox 344 1269 378 1332; x_wconf 93' lang='lat' dir='ltr'><strong>id</strong></span> <span class='ocrx_word' id='word_1_102' title='bbox 392 1290 463 1333; x_wconf 88' lang='lat' dir='ltr'><strong>esse</strong></span> <span class='ocrx_word' id='word_1_103' title='bbox 477 1274 594 1354; x_wconf 89' lang='lat' dir='ltr'><strong>actum,</strong></span> <span class='ocrx_word' id='word_1_104' title='bbox 617 1272 655 1333; x_wconf 91' lang='lat' dir='ltr'><strong>ut</strong></span> <span class='ocrx_word' id='word_1_105' title='bbox 667 1269 800 1334; x_wconf 89' lang='lat' dir='ltr'><strong>Vettius</strong></span> <span class='ocrx_word' id='word_1_106' title='bbox 820 1268 856 1332; x_wconf 95' lang='lat' dir='ltr'><strong>in</strong></span> <span class='ocrx_word' id='word_1_107' title='bbox 873 1269 945 1334; x_wconf 85' lang='lat' dir='ltr'><strong>foro</strong></span> <span class='ocrx_word' id='word_1_108' title='bbox 965 1290 1039 1333; x_wconf 90' lang='lat' dir='ltr'><strong>oum</strong></span> <span class='ocrx_word' id='word_1_109' title='bbox 1052 1267 1209 1352; x_wconf 86' lang='lat' dir='ltr'><strong>pugione</strong></span> 
     </span>
     <span class='ocr_line' id='line_1_14' title="bbox 174 1355 1209 1442; baseline 0 -23"><span class='ocrx_word' id='word_1_110' title='bbox 174 1356 305 1420; x_wconf 91' lang='lat' dir='ltr'><strong>etitem</strong></span> <span class='ocrx_word' id='word_1_111' title='bbox 324 1357 409 1422; x_wconf 83' lang='lat' dir='ltr'><strong>servi</strong></span> <span class='ocrx_word' id='word_1_112' title='bbox 428 1357 496 1422; x_wconf 91' lang='lat' dir='ltr'><strong>eius</strong></span> <span class='ocrx_word' id='word_1_113' title='bbox 516 1357 861 1440; x_wconf 80' lang='lat' dir='ltr'><strong>comprehenderentur</strong></span> <span class='ocrx_word' id='word_1_114' title='bbox 883 1379 956 1422; x_wconf 90' lang='lat' dir='ltr'><strong>oum</strong></span> <span class='ocrx_word' id='word_1_115' title='bbox 973 1357 1059 1442; x_wconf 89' lang='lat' dir='ltr'><strong>telis,</strong></span> <span class='ocrx_word' id='word_1_116' title='bbox 1083 1355 1209 1420; x_wconf 88' lang='lat' dir='ltr'><strong>deinde</strong></span> 
     </span>
     <span class='ocr_line' id='line_1_15' title="bbox 173 1443 1270 1531; baseline 0 -23"><span class='ocrx_word' id='word_1_117' title='bbox 173 1443 291 1509; x_wconf 89' lang='lat' dir='ltr'><strong>illese</strong></span> <span class='ocrx_word' id='word_1_118' title='bbox 321 1446 440 1510; x_wconf 87' lang='lat' dir='ltr'><strong>diceret</strong></span> <span class='ocrx_word' id='word_1_119' title='bbox 468 1446 694 1510; x_wconf 89' lang='lat' dir='ltr'><strong>indicaturum.</strong></span> <span class='ocrx_word' id='word_1_120' title='bbox 739 1445 840 1528; x_wconf 90' lang='lat' dir='ltr'><strong>quue</strong></span> <span class='ocrx_word' id='word_1_121' title='bbox 870 1446 917 1508; x_wconf 90' lang='lat' dir='ltr'><strong>ita</strong></span> <span class='ocrx_word' id='word_1_122' title='bbox 947 1446 1070 1509; x_wconf 85' lang='lat' dir='ltr'><strong>factum</strong></span> <span class='ocrx_word' id='word_1_123' title='bbox 1102 1449 1209 1531; x_wconf 88' lang='lat' dir='ltr'><strong>esset,</strong></span> <span class='ocrx_word' id='word_1_124' title='bbox 1269 1513 1270 1516; x_wconf 48' lang='lat'><strong>,</strong></span> 
     </span>
     <span class='ocr_line' id='line_1_16' title="bbox 172 1531 1270 1620; baseline 0.002 -23"><span class='ocrx_word' id='word_1_125' title='bbox 172 1532 238 1597; x_wconf 87' lang='lat' dir='ltr'><strong>nisi</strong></span> <span class='ocrx_word' id='word_1_126' title='bbox 253 1531 409 1598; x_wconf 78' lang='lat' dir='ltr'><strong>Curiones</strong></span> <span class='ocrx_word' id='word_1_127' title='bbox 433 1556 502 1598; x_wconf 89' lang='lat' dir='ltr'><strong>rem</strong></span> <span class='ocrx_word' id='word_1_128' title='bbox 526 1538 601 1598; x_wconf 89' lang='lat' dir='ltr'><strong>ante</strong></span> <span class='ocrx_word' id='word_1_129' title='bbox 620 1534 659 1598; x_wconf 91' lang='lat' dir='ltr'><strong>ad</strong></span> <span class='ocrx_word' id='word_1_130' title='bbox 672 1534 864 1617; x_wconf 90' lang='lat' dir='ltr'><strong>Pompeium</strong></span> <span class='ocrx_word' id='word_1_131' title='bbox 883 1534 1084 1597; x_wconf 87' lang='lat' dir='ltr'><strong>detulissent.</strong></span> <span class='ocrx_word' id='word_1_132' title='bbox 1115 1532 1208 1597; x_wconf 81' lang='lat' dir='ltr'><strong>Tum</strong></span> <span class='ocrx_word' id='word_1_133' title='bbox 1223 1560 1250 1599; x_wconf 88' lang='lat'><strong>15</strong></span> <span class='ocrx_word' id='word_1_134' title='bbox 1269 1543 1270 1620; x_wconf 54' lang='lat'>3</span> 
     </span>
     <span class='ocr_line' id='line_1_17' title="bbox 174 1620 1206 1687; baseline 0.001 -1"><span class='ocrx_word' id='word_1_135' title='bbox 174 1626 305 1686; x_wconf 87' lang='lat' dir='ltr'><strong>senatus</strong></span> <span class='ocrx_word' id='word_1_136' title='bbox 329 1623 514 1687; x_wconf 86' lang='lat' dir='ltr'><strong>consultum</strong></span> <span class='ocrx_word' id='word_1_137' title='bbox 533 1623 568 1687; x_wconf 94' lang='lat' dir='ltr'><strong>in</strong></span> <span class='ocrx_word' id='word_1_138' title='bbox 591 1623 741 1687; x_wconf 88' lang='lat' dir='ltr'><strong>contione</strong></span> <span class='ocrx_word' id='word_1_139' title='bbox 764 1622 936 1686; x_wconf 89' lang='lat' dir='ltr'><strong>recitatum</strong></span> <span class='ocrx_word' id='word_1_140' title='bbox 959 1625 1017 1686; x_wconf 91' lang='lat' dir='ltr'><strong>est.</strong></span> <span class='ocrx_word' id='word_1_141' title='bbox 1058 1620 1206 1687; x_wconf 87' lang='lat' dir='ltr'><strong>Postero</strong></span> 
     </span>
     <span class='ocr_line' id='line_1_18' title="bbox 174 1709 1270 1796; baseline -0.001 -22"><span class='ocrx_word' id='word_1_142' title='bbox 174 1715 282 1775; x_wconf 89' lang='lat' dir='ltr'><strong>autem</strong></span> <span class='ocrx_word' id='word_1_143' title='bbox 315 1711 365 1775; x_wconf 88' lang='lat' dir='ltr'><strong>die</strong></span> <span class='ocrx_word' id='word_1_144' title='bbox 394 1709 525 1794; x_wconf 89' lang='lat' dir='ltr'><strong>Caesar,</strong></span> <span class='ocrx_word' id='word_1_145' title='bbox 556 1711 585 1774; x_wconf 89' lang='lat' dir='ltr'><strong>is</strong></span> <span class='ocrx_word' id='word_1_146' title='bbox 619 1711 676 1795; x_wconf 93' lang='lat' dir='ltr'><strong>qui</strong></span> <span class='ocrx_word' id='word_1_147' title='bbox 708 1710 800 1795; x_wconf 90' lang='lat' dir='ltr'><strong>olim,</strong></span> <span class='ocrx_word' id='word_1_148' title='bbox 831 1714 963 1794; x_wconf 90' lang='lat' dir='ltr'><strong>praetor</strong></span> <span class='ocrx_word' id='word_1_149' title='bbox 995 1731 1069 1773; x_wconf 95' lang='lat' dir='ltr'><strong>cum</strong></span> <span class='ocrx_word' id='word_1_150' title='bbox 1103 1715 1207 1796; x_wconf 89' lang='lat' dir='ltr'><strong>esset,</strong></span> <span class='ocrx_word' id='word_1_151' title='bbox 1269 1717 1270 1766; x_wconf 77' lang='grc' dir='ltr'>Ξ</span> 
     </span>
     <span class='ocr_line' id='line_1_19' title="bbox 173 1796 1207 1881; baseline 0.003 -18"><span class='ocrx_word' id='word_1_152' title='bbox 173 1798 209 1874; x_wconf 79' lang='lat' dir='ltr'><strong>Q.</strong></span> <span class='ocrx_word' id='word_1_153' title='bbox 234 1796 388 1863; x_wconf 75' lang='lat' dir='ltr'><strong>Catulum</strong></span> <span class='ocrx_word' id='word_1_154' title='bbox 411 1821 450 1862; x_wconf 89' lang='lat' dir='ltr'><strong>ex</strong></span> <span class='ocrx_word' id='word_1_155' title='bbox 472 1799 624 1862; x_wconf 80' lang='lat' dir='ltr'><strong>inferiore</strong></span> <span class='ocrx_word' id='word_1_156' title='bbox 647 1799 719 1862; x_wconf 89' lang='lat' dir='ltr'><strong>loco</strong></span> <span class='ocrx_word' id='word_1_157' title='bbox 742 1798 883 1862; x_wconf 88' lang='lat' dir='ltr'><strong>iusserat</strong></span> <span class='ocrx_word' id='word_1_158' title='bbox 906 1798 1022 1881; x_wconf 87' lang='lat' dir='ltr'><strong>dicere,</strong></span> <span class='ocrx_word' id='word_1_159' title='bbox 1045 1796 1207 1862; x_wconf 88' lang='lat' dir='ltr'><strong>Vettium</strong></span> 
     </span>
     <span class='ocr_line' id='line_1_20' title="bbox 171 1885 1270 1972; baseline 0.001 -22"><span class='ocrx_word' id='word_1_160' title='bbox 171 1888 208 1949; x_wconf 92' lang='lat' dir='ltr'><strong>in</strong></span> <span class='ocrx_word' id='word_1_161' title='bbox 229 1891 337 1950; x_wconf 87' lang='lat' dir='ltr'><strong>rostra</strong></span> <span class='ocrx_word' id='word_1_162' title='bbox 359 1886 513 1970; x_wconf 90' lang='lat' dir='ltr'><strong>produxit</strong></span> <span class='ocrx_word' id='word_1_163' title='bbox 536 1908 673 1970; x_wconf 87' lang='lat' dir='ltr'><strong>eumque</strong></span> <span class='ocrx_word' id='word_1_164' title='bbox 696 1887 731 1949; x_wconf 95' lang='lat' dir='ltr'><strong>in</strong></span> <span class='ocrx_word' id='word_1_165' title='bbox 754 1908 791 1950; x_wconf 88' lang='lat' dir='ltr'><strong>ec</strong></span> <span class='ocrx_word' id='word_1_166' title='bbox 819 1887 890 1950; x_wconf 90' lang='lat' dir='ltr'><strong>loco</strong></span> <span class='ocrx_word' id='word_1_167' title='bbox 915 1885 1104 1972; x_wconf 90' lang='lat' dir='ltr'><strong>constituit,</strong></span> <span class='ocrx_word' id='word_1_168' title='bbox 1132 1907 1205 1970; x_wconf 92' lang='lat' dir='ltr'><strong>quo</strong></span> <span class='ocrx_word' id='word_1_169' title='bbox 1269 1889 1270 1902; x_wconf 58' lang='lat'>¹</span> 
     </span>
     <span class='ocr_line' id='line_1_21' title="bbox 171 1973 1247 2059; baseline 0.002 -22"><span class='ocrx_word' id='word_1_170' title='bbox 171 1974 290 2038; x_wconf 88' lang='lat' dir='ltr'><strong>Bibulo</strong></span> <span class='ocrx_word' id='word_1_171' title='bbox 315 1975 441 2038; x_wconf 88' lang='lat' dir='ltr'><strong>consuli</strong></span> <span class='ocrx_word' id='word_1_172' title='bbox 464 1975 628 2057; x_wconf 89' lang='lat' dir='ltr'><strong>adspirare</strong></span> <span class='ocrx_word' id='word_1_173' title='bbox 650 1995 717 2038; x_wconf 89' lang='lat' dir='ltr'><strong>non</strong></span> <span class='ocrx_word' id='word_1_174' title='bbox 740 1975 857 2038; x_wconf 87' lang='lat' dir='ltr'><strong>liceret.</strong></span> <span class='ocrx_word' id='word_1_175' title='bbox 903 1973 967 2038; x_wconf 90' lang='lat' dir='ltr'><strong>Hie</strong></span> <span class='ocrx_word' id='word_1_176' title='bbox 994 1973 1051 2037; x_wconf 86' lang='lat' dir='ltr'><strong>ille</strong></span> <span class='ocrx_word' id='word_1_177' title='bbox 1076 1975 1203 2059; x_wconf 90' lang='lat' dir='ltr'><strong>omnia,</strong></span> <span class='ocrx_word' id='word_1_178' title='bbox 1219 1987 1270 2050; x_wconf 79' lang='lat'><strong>203</strong></span> 
     </span>
     <span class='ocr_line' id='line_1_22' title="bbox 173 2062 1270 2150; baseline 0.003 -26"><span class='ocrx_word' id='word_1_179' title='bbox 173 2083 254 2145; x_wconf 89' lang='lat' dir='ltr'><strong>quae</strong></span> <span class='ocrx_word' id='word_1_180' title='bbox 276 2062 381 2126; x_wconf 83' lang='lat' dir='ltr'><strong>voluit</strong></span> <span class='ocrx_word' id='word_1_181' title='bbox 411 2062 450 2126; x_wconf 90' lang='lat' dir='ltr'><strong>de</strong></span> <span class='ocrx_word' id='word_1_182' title='bbox 477 2084 512 2126; x_wconf 89' lang='lat' dir='ltr'><strong>re</strong></span> <span class='ocrx_word' id='word_1_183' title='bbox 538 2062 683 2147; x_wconf 89' lang='lat' dir='ltr'><strong>publica,</strong></span> <span class='ocrx_word' id='word_1_184' title='bbox 711 2062 808 2147; x_wconf 82' lang='lat' dir='ltr'><strong>dixit,</strong></span> <span class='ocrx_word' id='word_1_185' title='bbox 837 2066 875 2126; x_wconf 95' lang='lat' dir='ltr'><strong>ut</strong></span> <span class='ocrx_word' id='word_1_186' title='bbox 908 2062 965 2146; x_wconf 88' lang='lat' dir='ltr'><strong>qui</strong></span> <span class='ocrx_word' id='word_1_187' title='bbox 988 2062 1068 2126; x_wconf 91' lang='lat' dir='ltr'><strong>illuc</strong></span> <span class='ocrx_word' id='word_1_188' title='bbox 1089 2062 1204 2127; x_wconf 89' lang='lat' dir='ltr'><strong>faetus</strong></span> <span class='ocrx_word' id='word_1_189' title='bbox 1269 2069 1270 2150; x_wconf 68' lang='lat' dir='ltr'><strong>l</strong></span> 
     </span>
     <span class='ocr_line' id='line_1_23' title="bbox 172 2149 1270 2234; baseline 0.005 -22"><span class='ocrx_word' id='word_1_190' title='bbox 172 2149 409 2233; x_wconf 88' lang='lat' dir='ltr'><strong>institutusque</strong></span> <span class='ocrx_word' id='word_1_191' title='bbox 428 2151 578 2214; x_wconf 84' lang='lat' dir='ltr'><strong>venisset.</strong></span> <span class='ocrx_word' id='word_1_192' title='bbox 615 2149 763 2214; x_wconf 92' lang='lat' dir='ltr'><strong>Primum</strong></span> <span class='ocrx_word' id='word_1_193' title='bbox 782 2149 976 2234; x_wconf 78' lang='lat' dir='ltr'><strong>Caepionem</strong></span> <span class='ocrx_word' id='word_1_194' title='bbox 995 2150 1203 2215; x_wconf 80' lang='lat' dir='ltr'><strong>decretione</strong></span> <span class='ocrx_word' id='word_1_195' title='bbox 1269 2173 1270 2220; x_wconf 68' lang='lat' dir='ltr'><strong>l</strong></span> 
     </span>
     <span class='ocr_line' id='line_1_24' title="bbox 174 2229 1270 2324; baseline 0.002 -24"><span class='ocrx_word' id='word_1_196' title='bbox 174 2259 232 2300; x_wconf 88' lang='lat' dir='ltr'><strong>sua</strong></span> <span class='ocrx_word' id='word_1_197' title='bbox 256 2238 404 2324; x_wconf 79' lang='lat' dir='ltr'><strong>sustulit,</strong></span> <span class='ocrx_word' id='word_1_198' title='bbox 434 2260 530 2322; x_wconf 90' lang='lat' dir='ltr'><strong>quem</strong></span> <span class='ocrx_word' id='word_1_199' title='bbox 557 2239 593 2302; x_wconf 96' lang='lat' dir='ltr'><strong>in</strong></span> <span class='ocrx_word' id='word_1_200' title='bbox 616 2242 730 2302; x_wconf 77' lang='lat' dir='ltr'><strong>senatu</strong></span> <span class='ocrx_word' id='word_1_201' title='bbox 754 2239 906 2303; x_wconf 87' lang='lat' dir='ltr'><strong>acerrime</strong></span> <span class='ocrx_word' id='word_1_202' title='bbox 928 2238 1132 2323; x_wconf 90' lang='lat' dir='ltr'><strong>nominarat,</strong></span> <span class='ocrx_word' id='word_1_203' title='bbox 1163 2243 1203 2302; x_wconf 89' lang='lat' dir='ltr'><strong>ut</strong></span> <span class='ocrx_word' id='word_1_204' title='bbox 1269 2229 1270 2288; x_wconf 71' lang='lat' dir='ltr'><strong>l</strong></span> 
     </span>
     <span class='ocr_line' id='line_1_25' title="bbox 173 2327 1270 2410; baseline 0.004 -22"><span class='ocrx_word' id='word_1_205' title='bbox 173 2330 341 2408; x_wconf 89' lang='lat' dir='ltr'><strong>appareret</strong></span> <span class='ocrx_word' id='word_1_206' title='bbox 370 2329 499 2390; x_wconf 89' lang='lat' dir='ltr'><strong>noctem</strong></span> <span class='ocrx_word' id='word_1_207' title='bbox 530 2330 563 2391; x_wconf 87' lang='lat' dir='ltr'><strong>et</strong></span> <span class='ocrx_word' id='word_1_208' title='bbox 591 2330 784 2390; x_wconf 88' lang='lat' dir='ltr'><strong>nocturnam</strong></span> <span class='ocrx_word' id='word_1_209' title='bbox 811 2327 1070 2410; x_wconf 85' lang='lat' dir='ltr'><strong>deprecationem</strong></span> <span class='ocrx_word' id='word_1_210' title='bbox 1098 2327 1202 2392; x_wconf 88' lang='lat' dir='ltr'><strong>inter-</strong></span> <span class='ocrx_word' id='word_1_211' title='bbox 1269 2327 1270 2402; x_wconf 66' lang='grc' dir='ltr'>ζ</span> 
     </span>
     <span class='ocr_line' id='line_1_26' title="bbox 172 2412 1270 2499; baseline -0.002 -23"><span class='ocrx_word' id='word_1_212' title='bbox 172 2413 316 2478; x_wconf 88' lang='lat' dir='ltr'><strong>cessisse.</strong></span> <span class='ocrx_word' id='word_1_213' title='bbox 353 2412 487 2499; x_wconf 91' lang='lat' dir='ltr'><strong>Deinde,</strong></span> <span class='ocrx_word' id='word_1_214' title='bbox 507 2437 588 2498; x_wconf 91' lang='lat' dir='ltr'><strong>quos</strong></span> <span class='ocrx_word' id='word_1_215' title='bbox 606 2415 644 2479; x_wconf 94' lang='lat' dir='ltr'><strong>in</strong></span> <span class='ocrx_word' id='word_1_216' title='bbox 661 2417 775 2479; x_wconf 90' lang='lat' dir='ltr'><strong>senatu</strong></span> <span class='ocrx_word' id='word_1_217' title='bbox 793 2437 834 2478; x_wconf 91' lang='lat' dir='ltr'><strong>ne</strong></span> <span class='ocrx_word' id='word_1_218' title='bbox 853 2415 1045 2479; x_wconf 88' lang='lat' dir='ltr'><strong>tenuissima</strong></span> <span class='ocrx_word' id='word_1_219' title='bbox 1065 2415 1201 2498; x_wconf 90' lang='lat' dir='ltr'><strong>quidem</strong></span> <span class='ocrx_word' id='word_1_220' title='bbox 1218 2441 1245 2480; x_wconf 81' lang='lat'><strong>25</strong></span> <span class='ocrx_word' id='word_1_221' title='bbox 1269 2423 1270 2474; x_wconf 72' lang='grc' dir='ltr'><strong>ξ</strong></span> 
     </span>
     <span class='ocr_line' id='line_1_27' title="bbox 173 2501 1200 2589; baseline 0.004 -25"><span class='ocrx_word' id='word_1_222' title='bbox 173 2501 355 2585; x_wconf 88' lang='lat' dir='ltr'><strong>suspicione</strong></span> <span class='ocrx_word' id='word_1_223' title='bbox 370 2503 534 2588; x_wconf 86' lang='lat' dir='ltr'><strong>attigerat,</strong></span> <span class='ocrx_word' id='word_1_224' title='bbox 553 2524 607 2567; x_wconf 92' lang='lat' dir='ltr'><strong>eos</strong></span> <span class='ocrx_word' id='word_1_225' title='bbox 626 2502 817 2588; x_wconf 85' lang='lat' dir='ltr'><strong>nominavit,</strong></span> <span class='ocrx_word' id='word_1_226' title='bbox 834 2503 872 2567; x_wconf 81' lang='lat' dir='ltr'><strong>L.</strong></span> <span class='ocrx_word' id='word_1_227' title='bbox 887 2501 1069 2589; x_wconf 88' lang='lat' dir='ltr'><strong>Lucullum,</strong></span> <span class='ocrx_word' id='word_1_228' title='bbox 1093 2526 1113 2566; x_wconf 87' lang='lat' dir='ltr'><strong>a</strong></span> <span class='ocrx_word' id='word_1_229' title='bbox 1133 2525 1200 2588; x_wconf 92' lang='lat' dir='ltr'><strong>quo</strong></span> 
     </span>
     <span class='ocr_line' id='line_1_28' title="bbox 172 2589 1203 2678; baseline 0.002 -24"><span class='ocrx_word' id='word_1_230' title='bbox 172 2590 307 2654; x_wconf 90' lang='lat' dir='ltr'><strong>solitum</strong></span> <span class='ocrx_word' id='word_1_231' title='bbox 337 2612 406 2654; x_wconf 77' lang='lat' dir='ltr'><strong>esse</strong></span> <span class='ocrx_word' id='word_1_232' title='bbox 440 2591 481 2654; x_wconf 88' lang='lat' dir='ltr'><strong>ad</strong></span> <span class='ocrx_word' id='word_1_233' title='bbox 509 2613 543 2654; x_wconf 90' lang='lat' dir='ltr'><strong>se</strong></span> <span class='ocrx_word' id='word_1_234' title='bbox 572 2592 661 2656; x_wconf 89' lang='lat' dir='ltr'><strong>mitti</strong></span> <span class='ocrx_word' id='word_1_235' title='bbox 691 2589 725 2656; x_wconf 95' lang='lat' dir='ltr'><strong>C.</strong></span> <span class='ocrx_word' id='word_1_236' title='bbox 748 2590 923 2678; x_wconf 86' lang='lat' dir='ltr'><strong>Fannium,</strong></span> <span class='ocrx_word' id='word_1_237' title='bbox 952 2591 1046 2654; x_wconf 90' lang='lat' dir='ltr'><strong>illum</strong></span> <span class='ocrx_word' id='word_1_238' title='bbox 1077 2592 1137 2675; x_wconf 91' lang='lat' dir='ltr'><strong>qui</strong></span> <span class='ocrx_word' id='word_1_239' title='bbox 1165 2592 1203 2656; x_wconf 94' lang='lat' dir='ltr'><strong>in</strong></span> 
     </span>
     <span class='ocr_line' id='line_1_29' title="bbox 171 2674 1203 2766; baseline 0.003 -25"><span class='ocrx_word' id='word_1_240' title='bbox 171 2675 206 2742; x_wconf 94' lang='lat' dir='ltr'><strong>P.</strong></span> <span class='ocrx_word' id='word_1_241' title='bbox 231 2674 381 2742; x_wconf 87' lang='lat' dir='ltr'><strong>Clodium</strong></span> <span class='ocrx_word' id='word_1_242' title='bbox 405 2678 650 2764; x_wconf 88' lang='lat' dir='ltr'><strong>subscripserat,</strong></span> <span class='ocrx_word' id='word_1_243' title='bbox 672 2678 707 2744; x_wconf 89' lang='lat' dir='ltr'><strong>L.</strong></span> <span class='ocrx_word' id='word_1_244' title='bbox 731 2677 924 2766; x_wconf 89' lang='lat' dir='ltr'><strong>Domitium,</strong></span> <span class='ocrx_word' id='word_1_245' title='bbox 947 2679 1038 2743; x_wconf 92' lang='lat' dir='ltr'><strong>cuius</strong></span> <span class='ocrx_word' id='word_1_246' title='bbox 1064 2679 1203 2744; x_wconf 88' lang='lat' dir='ltr'><strong>domum</strong></span> 
     </span>
     <span class='ocr_line' id='line_1_30' title="bbox 172 2766 1201 2852; baseline 0.002 -23"><span class='ocrx_word' id='word_1_247' title='bbox 172 2767 385 2830; x_wconf 88' lang='lat' dir='ltr'><strong>constitutam</strong></span> <span class='ocrx_word' id='word_1_248' title='bbox 408 2767 518 2852; x_wconf 80' lang='lat' dir='ltr'><strong>fuisse,</strong></span> <span class='ocrx_word' id='word_1_249' title='bbox 540 2768 624 2831; x_wconf 90' lang='lat' dir='ltr'><strong>unde</strong></span> <span class='ocrx_word' id='word_1_250' title='bbox 648 2768 774 2850; x_wconf 90' lang='lat' dir='ltr'><strong>eruptio</strong></span> <span class='ocrx_word' id='word_1_251' title='bbox 798 2767 898 2831; x_wconf 89' lang='lat' dir='ltr'><strong>fieret.</strong></span> <span class='ocrx_word' id='word_1_252' title='bbox 935 2766 1076 2831; x_wconf 90' lang='lat' dir='ltr'><strong>Menon</strong></span> <span class='ocrx_word' id='word_1_253' title='bbox 1093 2770 1201 2832; x_wconf 91' lang='lat' dir='ltr'><strong>nomi-</strong></span> 
     </span>
     <span class='ocr_line' id='line_1_31' title="bbox 171 2854 1244 2939; baseline 0.004 -22"><span class='ocrx_word' id='word_1_254' title='bbox 171 2855 272 2939; x_wconf 86' lang='lat' dir='ltr'><strong>navit,</strong></span> <span class='ocrx_word' id='word_1_255' title='bbox 296 2854 351 2918; x_wconf 91' lang='lat' dir='ltr'><strong>sed</strong></span> <span class='ocrx_word' id='word_1_256' title='bbox 374 2854 456 2918; x_wconf 85' lang='lat' dir='ltr'><strong>dixit</strong></span> <span class='ocrx_word' id='word_1_257' title='bbox 479 2855 682 2920; x_wconf 87' lang='lat' dir='ltr'><strong>consularem</strong></span> <span class='ocrx_word' id='word_1_258' title='bbox 706 2856 863 2920; x_wconf 88' lang='lat' dir='ltr'><strong>disertum</strong></span> <span class='ocrx_word' id='word_1_259' title='bbox 886 2855 1029 2920; x_wconf 85' lang='lat' dir='ltr'><strong>vicinum</strong></span> <span class='ocrx_word' id='word_1_260' title='bbox 1052 2857 1200 2920; x_wconf 87' lang='lat' dir='ltr'><strong>consulis</strong></span> <span class='ocrx_word' id='word_1_261' title='bbox 1215 2882 1244 2922; x_wconf 84' lang='lat' dir='ltr'><strong>ao</strong></span> 
     </span>
     <span class='ocr_line' id='line_1_32' title="bbox 173 2941 1202 3026; baseline 0.002 -20"><span class='ocrx_word' id='word_1_262' title='bbox 173 2942 238 3006; x_wconf 89' lang='lat' dir='ltr'><strong>sibi</strong></span> <span class='ocrx_word' id='word_1_263' title='bbox 267 2941 386 3006; x_wconf 92' lang='lat' dir='ltr'><strong>dixisse</strong></span> <span class='ocrx_word' id='word_1_264' title='bbox 413 2941 554 3006; x_wconf 80' lang='lat' dir='ltr'><strong>Ahalam</strong></span> <span class='ocrx_word' id='word_1_265' title='bbox 585 2941 757 3008; x_wconf 80' lang='lat' dir='ltr'><strong>Seruilium</strong></span> <span class='ocrx_word' id='word_1_266' title='bbox 792 2944 933 3026; x_wconf 87' lang='lat' dir='ltr'><strong>aliquem</strong></span> <span class='ocrx_word' id='word_1_267' title='bbox 966 2947 1022 3007; x_wconf 89' lang='lat' dir='ltr'><strong>eut</strong></span> <span class='ocrx_word' id='word_1_268' title='bbox 1056 2943 1202 3008; x_wconf 90' lang='lat' dir='ltr'><strong>Brutum</strong></span> 
     </span>
     <span class='ocr_line' id='line_1_33' title="bbox 173 3029 1202 3117; baseline 0.003 -23"><span class='ocrx_word' id='word_1_269' title='bbox 173 3051 254 3113; x_wconf 91' lang='lat' dir='ltr'><strong>opus</strong></span> <span class='ocrx_word' id='word_1_270' title='bbox 283 3051 353 3094; x_wconf 88' lang='lat' dir='ltr'><strong>esse</strong></span> <span class='ocrx_word' id='word_1_271' title='bbox 381 3031 524 3114; x_wconf 87' lang='lat' dir='ltr'><strong>reperiri.</strong></span> <span class='ocrx_word' id='word_1_272' title='bbox 570 3029 704 3095; x_wconf 90' lang='lat' dir='ltr'><strong>Addidit</strong></span> <span class='ocrx_word' id='word_1_273' title='bbox 735 3032 775 3095; x_wconf 89' lang='lat' dir='ltr'><strong>ad</strong></span> <span class='ocrx_word' id='word_1_274' title='bbox 804 3035 998 3117; x_wconf 87' lang='lat' dir='ltr'><strong>extremum,</strong></span> <span class='ocrx_word' id='word_1_275' title='bbox 1028 3053 1103 3096; x_wconf 93' lang='lat' dir='ltr'><strong>cum</strong></span> <span class='ocrx_word' id='word_1_276' title='bbox 1133 3033 1202 3097; x_wconf 85' lang='lat' dir='ltr'><strong>iam</strong></span> 
     </span>
     <span class='ocr_line' id='line_1_34' title="bbox 172 3118 1201 3204; baseline 0.002 -22"><span class='ocrx_word' id='word_1_277' title='bbox 172 3118 306 3182; x_wconf 88' lang='lat' dir='ltr'><strong>dimissa</strong></span> <span class='ocrx_word' id='word_1_278' title='bbox 320 3119 470 3183; x_wconf 89' lang='lat' dir='ltr'><strong>contione</strong></span> <span class='ocrx_word' id='word_1_279' title='bbox 489 3122 658 3183; x_wconf 85' lang='lat' dir='ltr'><strong>revocatus</strong></span> <span class='ocrx_word' id='word_1_280' title='bbox 678 3143 697 3182; x_wconf 90' lang='lat' dir='ltr'><strong>a</strong></span> <span class='ocrx_word' id='word_1_281' title='bbox 710 3119 844 3184; x_wconf 84' lang='lat' dir='ltr'><strong>Vatinio</strong></span> <span class='ocrx_word' id='word_1_282' title='bbox 863 3120 989 3204; x_wconf 88' lang='lat' dir='ltr'><strong>fuisset,</strong></span> <span class='ocrx_word' id='word_1_283' title='bbox 1015 3140 1049 3184; x_wconf 91' lang='lat' dir='ltr'><strong>se</strong></span> <span class='ocrx_word' id='word_1_284' title='bbox 1069 3121 1201 3186; x_wconf 89' lang='lat' dir='ltr'><strong>audisse</strong></span> 
     </span>
     <span class='ocr_line' id='line_1_35' title="bbox 172 3204 1201 3294; baseline 0.002 -23"><span class='ocrx_word' id='word_1_285' title='bbox 172 3229 192 3270; x_wconf 89' lang='lat' dir='ltr'><strong>a</strong></span> <span class='ocrx_word' id='word_1_286' title='bbox 215 3204 355 3271; x_wconf 88' lang='lat' dir='ltr'><strong>Curione</strong></span> <span class='ocrx_word' id='word_1_287' title='bbox 378 3207 430 3271; x_wconf 92' lang='lat' dir='ltr'><strong>his</strong></span> <span class='ocrx_word' id='word_1_288' title='bbox 454 3207 612 3272; x_wconf 88' lang='lat' dir='ltr'><strong>derebus</strong></span> <span class='ocrx_word' id='word_1_289' title='bbox 637 3208 801 3272; x_wconf 88' lang='lat' dir='ltr'><strong>conscium</strong></span> <span class='ocrx_word' id='word_1_290' title='bbox 824 3229 894 3272; x_wconf 89' lang='lat' dir='ltr'><strong>esse</strong></span> <span class='ocrx_word' id='word_1_291' title='bbox 918 3207 1081 3294; x_wconf 88' lang='lat' dir='ltr'><strong>Pisonem,</strong></span> <span class='ocrx_word' id='word_1_292' title='bbox 1105 3229 1201 3294; x_wconf 83' lang='lat' dir='ltr'><strong>gene</strong></span> 
     </span>
     <span class='ocr_line' id='line_1_36' title="bbox 171 3293 1241 3382; baseline 0.004 -23"><span class='ocrx_word' id='word_1_293' title='bbox 171 3318 246 3359; x_wconf 92' lang='lat' dir='ltr'><strong>rum</strong></span> <span class='ocrx_word' id='word_1_294' title='bbox 268 3317 385 3382; x_wconf 93' lang='lat' dir='ltr'><strong>meum,</strong></span> <span class='ocrx_word' id='word_1_295' title='bbox 408 3300 442 3360; x_wconf 91' lang='lat' dir='ltr'><strong>et</strong></span> <span class='ocrx_word' id='word_1_296' title='bbox 464 3294 508 3360; x_wconf 88' lang='lat' dir='ltr'><strong>M.</strong></span> <span class='ocrx_word' id='word_1_297' title='bbox 532 3293 749 3360; x_wconf 88' lang='lat' dir='ltr'><strong>Laterensem.</strong></span> <span class='ocrx_word' id='word_1_298' title='bbox 1216 3323 1241 3363; x_wconf 82' lang='grc' dir='ltr'><strong>οο</strong></span> 
     </span>
     <span class='ocr_line' id='line_1_37' title="bbox 135 3381 1200 3466; baseline 0.001 -17"><span class='ocrx_word' id='word_1_299' title='bbox 135 3400 153 3449; x_wconf 76' lang='grc'>4</span> <span class='ocrx_word' id='word_1_300' title='bbox 239 3382 336 3448; x_wconf 90' lang='lat' dir='ltr'><strong>Nunc</strong></span> <span class='ocrx_word' id='word_1_301' title='bbox 359 3405 433 3448; x_wconf 89' lang='lat' dir='ltr'><strong>reus</strong></span> <span class='ocrx_word' id='word_1_302' title='bbox 458 3386 526 3447; x_wconf 89' lang='lat' dir='ltr'><strong>erat</strong></span> <span class='ocrx_word' id='word_1_303' title='bbox 551 3383 635 3466; x_wconf 90' lang='lat' dir='ltr'><strong>apud</strong></span> <span class='ocrx_word' id='word_1_304' title='bbox 659 3381 813 3448; x_wconf 90' lang='lat' dir='ltr'><strong>Crassum</strong></span> <span class='ocrx_word' id='word_1_305' title='bbox 835 3383 980 3448; x_wconf 84' lang='lat' dir='ltr'><strong>Divitem</strong></span> <span class='ocrx_word' id='word_1_306' title='bbox 998 3382 1133 3448; x_wconf 87' lang='lat' dir='ltr'><strong>Vettius</strong></span> <span class='ocrx_word' id='word_1_307' title='bbox 1161 3386 1200 3450; x_wconf 90' lang='lat' dir='ltr'><strong>de</strong></span> 
     </span>
     <span class='ocr_line' id='line_1_38' title="bbox 172 3471 1200 3558; baseline 0.002 -22"><span class='ocrx_word' id='word_1_308' title='bbox 172 3473 205 3537; x_wconf 91' lang='lat' dir='ltr'><strong>vi</strong></span> <span class='ocrx_word' id='word_1_309' title='bbox 228 3475 270 3558; x_wconf 90' lang='lat' dir='ltr'><strong>et,</strong></span> <span class='ocrx_word' id='word_1_310' title='bbox 294 3494 367 3536; x_wconf 90' lang='lat' dir='ltr'><strong>eum</strong></span> <span class='ocrx_word' id='word_1_311' title='bbox 391 3476 476 3537; x_wconf 88' lang='lat' dir='ltr'><strong>esset</strong></span> <span class='ocrx_word' id='word_1_312' title='bbox 495 3473 675 3558; x_wconf 86' lang='lat' dir='ltr'><strong>damnatus,</strong></span> <span class='ocrx_word' id='word_1_313' title='bbox 699 3476 768 3537; x_wconf 91' lang='lat' dir='ltr'><strong>erat</strong></span> <span class='ocrx_word' id='word_1_314' title='bbox 785 3472 942 3536; x_wconf 90' lang='lat' dir='ltr'><strong>indicium</strong></span> <span class='ocrx_word' id='word_1_315' title='bbox 959 3471 1200 3556; x_wconf 87' lang='lat' dir='ltr'><strong>postulaturus.</strong></span> 
     </span>
    </p>
   </div>
   <div class='ocr_carea' id='block_1_4' title="bbox 0 0 1288 3888">
    <p class='ocr_par' dir='ltr' id='par_1_4' title="bbox 0 0 1288 3888">
     <span class='ocr_line' id='line_1_39' title="bbox 0 0 1288 3888; baseline 0 0"><span class='ocrx_word' id='word_1_316' title='bbox 0 0 1288 3888; x_wconf 95' lang='lat' dir='ltr'><strong> </strong></span> 
     </span>
    </p>
   </div>
  </div>
 </body>
</html>
