2616 3884
157 151 220 215 198
344 199 346 203 ,
474 151 511 205 Μ.
531 151 638 205 TULLI
655 149 842 206 CICERONIS

155 293 293 378 igitur?’
326 294 442 378 inquis,
488 293 582 358 Nihil
615 294 735 358 seilicet
762 293 826 359 nisi
853 293 891 356 de
919 293 1078 357 sententia
1105 295 1165 356 tua

154 403 213 462 nee
235 383 325 466 prius
349 383 491 466 quidem,
519 404 614 466 quam
641 386 789 447 nostrum
816 381 983 465 negotium
1010 383 1066 445 aut
1089 401 1165 445 oon-

154 470 322 534 fecerimus
350 475 405 534 aut
434 471 682 554 deposuerimus,
729 468 813 534 Cura
841 470 956 554 igitur,
981 472 1019 532 ut
1046 469 1163 532 valeas.

156 558 338 641 Atiquando
362 558 540 644 ἀπότριψαι
559 562 749 642 quartanam
766 559 863 622 istam
882 557 1058 641 diligentia,
1081 577 1164 640 quae

155 646 189 710 in
211 650 244 710 te
269 669 392 711 summa
415 651 471 711 est.
972 654 974 658 '
1194 669 1208 709 s

631 783 685 849 VI.

203 906 260 962 Ser.
279 909 312 960 ia
329 906 481 961 Formiano
499 905 579 959 XIV
594 905 632 959 K.
650 906 724 972 Ian,
742 912 773 959 ut
790 905 906 972 videtur,
924 921 949 958 α.
970 908 1023 960 704
1042 907 1112 973 (50).

473 1026 600 1082 CICERO
619 1025 751 1081 ATTICO
770 1027 843 1081 SAL.

120 1156 134 1203 1
219 1135 318 1200 Plane
342 1136 443 1221 deest,
467 1136 552 1219 quod
575 1136 614 1199 ad
636 1139 669 1200 te
692 1135 843 1220 scribam3
869 1139 947 1199 nota
971 1136 1078 1200 omnia
1100 1135 1165 1200 tibi
1302 1203 1303 1222 ,

154 1228 243 1309 sunt,
265 1246 323 1288 nee
345 1225 414 1307 ipse
437 1224 554 1308 habeo,
582 1246 601 1286 a
623 1226 656 1288 te
672 1224 765 1307 quod
788 1227 976 1307 exspectem.
1022 1223 1163 1287 Tantum
1177 1251 1207 1289 ιο
1302 1243 1303 1282 3

154 1312 255 1396 igitur
280 1316 429 1376 nostrum
455 1311 537 1376 illud
564 1311 716 1376 sollemne
739 1334 916 1396 servemus,
942 1314 1042 1376 utne
1066 1334 1162 1395 quem

120 1419 135 1466 2
155 1400 239 1464 istuo
261 1404 390 1464 euntem
412 1400 480 1464 sine
505 1401 623 1464 litteris
646 1399 854 1464 dimittamus.
899 1399 949 1463 De
976 1421 1010 1464 re
1033 1400 1164 1483 publica

154 1487 246 1553 valde
268 1489 367 1553 timeo
390 1509 448 1552 nee
471 1488 573 1552 adhue
595 1488 661 1552 fere
684 1489 802 1574 inveni,
825 1489 970 1570 quinon
993 1489 1164 1553 coneeden-

154 1577 230 1640 dum
257 1579 384 1659 putaret
412 1574 555 1659 Caesari,
587 1577 672 1659 quod
703 1575 897 1659 postularet,
927 1576 1036 1659 potius
1064 1599 1162 1660 quam

155 1665 408 1749 depugnandum.
454 1664 516 1728 Est
542 1664 599 1728 illa
629 1664 758 1747 quidem
784 1664 952 1747 impudens
984 1665 1161 1746 postulatio
1177 1690 1204 1730 15

154 1753 349 1836 †opinione
380 1752 546 1816 valentior.
602 1749 666 1816 Cur
704 1756 810 1817 autem
841 1773 926 1816 nune
961 1753 1100 1835 primum
1133 1753 1163 1817 ei

153 1841 365 1905 resistamus?

313 1963 381 2028 ‘Od
404 1964 466 2048 γὰρ
491 1963 532 2045 δὴ
555 1963 631 2027 τόδε
654 1965 765 2046 μεῖζον
788 1965 842 2027 ἔπι
865 1961 998 2046 κακόν’,

154 2126 250 2187 quam
273 2125 346 2167 eum
369 2103 623 2187 quinquennium
646 2102 914 2187 prorogabamus,
937 2107 994 2166 aut
1016 2123 1102 2186 eum,
1124 2107 1162 2166 ut

134 2191 296 2255 absentis
324 2192 407 2254 ratio
435 2191 620 2276 haberetur,
652 2191 847 2275 ferebamus,
878 2191 943 2254 nisi
968 2191 1052 2255 forte
1083 2191 1161 2255 haee
1177 2219 1204 2256 ao

153 2279 202 2342 illi
236 2282 307 2341 tum
339 2301 426 2342 arma
458 2279 615 2361 dedimus,
646 2283 684 2342 ut
715 2301 799 2343 nuno
832 2300 904 2342 eum
935 2278 1016 2343 bene
1047 2283 1160 2363 parato

153 2387 377 2450 pugnaremus.
426 2366 533 2431 Dices:
573 2365 672 2441 ‘Quid
703 2371 740 2430 tu
776 2367 878 2451 igitur
910 2388 1060 2431 sensurus
1093 2367 1162 2431 es?'

153 2453 230 2518 Non
247 2455 332 2518 idem
345 2455 431 2537 quod
449 2455 605 2541 dieturus3
624 2455 760 2518 sentiam
779 2455 864 2518 enim
883 2455 991 2519 omnia
1008 2455 1162 2538 faoienda,

152 2563 194 2606 ne
212 2543 309 2606 armis
329 2542 515 2628 decertetur,
539 2543 642 2607 dicam
659 2543 745 2607 idem
764 2543 849 2626 quod
867 2541 1039 2626 Pompeius
1057 2565 1161 2626 neque

153 2630 187 2694 id
209 2631 324 2694 faciam
346 2629 461 2694 humili
484 2631 599 2695 animo.
647 2629 709 2695 Sed
731 2653 843 2694 rursus
866 2630 928 2694 hoo
950 2652 1160 2716 permagnum
1176 2657 1202 2698 aa

153 2717 200 2782 rei
222 2718 369 2801 publicae
390 2719 511 2782 malum
533 2723 592 2805 est,
615 2723 646 2783 et
666 2720 805 2802 quodam
822 2719 916 2782 modo
936 2719 1016 2783 mihi
1034 2723 1162 2802 praeter

153 2810 275 2870 eeteros
307 2828 373 2871 non
404 2810 527 2870 reotum
559 2829 609 2870 me
640 2807 675 2871 in
706 2807 806 2871 tantis
839 2807 935 2871 rebus
963 2830 982 2871 a
1007 2806 1161 2892 Pompeio

154 2894 313 2959 dissidere.

620 3014 691 3082 VII.

202 3138 258 3194 Ser.
278 3140 310 3194 ia
328 3139 480 3194 Formiano
499 3140 571 3193 tator
590 3139 675 3192 XIII
689 3145 715 3195 et
733 3139 764 3193 X
781 3139 818 3194 K.
837 3141 900 3194 Ian.
921 3157 947 3194 a.
968 3144 1021 3196 704
1040 3143 1111 3208 (50).
1176 3153 1203 3192 ao

469 3260 597 3315 CICERO
616 3261 746 3316 ATTICO
767 3261 840 3317 SAL.

118 3387 132 3436 1
220 3370 412 3454 ‘Dionysius
419 3423 427 3456 ,
450 3370 499 3434 vir
523 3374 687 3454 optumus,
710 3373 747 3433 ut
770 3369 850 3434 mihi
874 3393 1001 3455 quoque
1024 3375 1073 3436 est
1091 3394 1163 3456 per-

153 3464 294 3546 spectus,
317 3463 349 3524 et
373 3458 585 3524 doctissumus
608 3458 719 3540 tuique
739 3457 1001 3546 amantissumus,
1023 3459 1163 3524 Romam
