2578 3886
223 159 225 162 ·
265 142 524 197 EPISTULARUM
542 143 592 196 AD
612 143 776 204 ATTIOUM
794 143 847 196 XII
866 148 967 198 3-5a.
1057 144 1127 215 =355

597 373 636 438 V.

266 494 324 551 Ser.
338 495 370 548 ia
387 495 545 550 Tusculano
564 495 603 548 111.
622 511 656 548 m.
675 493 809 563 Quinta.
826 499 882 550 708
902 499 972 563 (46).

44 605 62 639 '
131 681 135 688 ,
410 617 822 673 010110111100111.

171 725 313 802 Quintus
332 728 424 809 pater
443 729 596 809 quartum
614 726 667 789 vel
684 726 795 808 potius
814 725 1023 790 millesimum
1041 726 1160 791 nihili

60 815 201 898 asapit,
229 814 286 898 qui
313 812 452 878 laetetur
475 813 621 898 Luperco
652 814 720 878 filio
749 819 781 878 et
806 813 926 900 Statio,
954 818 992 878 ut
1016 819 1125 879 cernat

92 902 224 986 duplici
247 902 398 966 dedecore
422 903 618 966 cumulatam
640 901 782 967 domum
818 902 913 967 Addo
933 902 1033 966 etiam
1050 901 1125 966 Phi-

92 991 255 1055 lotimum
277 991 418 1055 tertium.
465 988 492 1054 0
517 989 701 1075 stultitiam,
723 991 788 1054 nisi
810 1013 882 1055 mea
904 991 1009 1055 maior
1033 995 1126 1075 esset,

95 1079 315 1164 singularem!
348 1078 434 1162 quod
457 1082 566 1142 autem
590 1100 626 1141 os
649 1077 684 1141 in
706 1078 790 1142 hanc
812 1101 880 1143 ram
900 1083 1023 1163 ἔρανον
1041 1103 1060 1143 a
1078 1082 1124 1144 te!

90 1165 166 1230 Fac
188 1188 257 1230 non
280 1166 320 1230 ad
343 1167 508 1244 ‘diadinae
531 1167 680 1253 apdvpv',
711 1166 767 1230 sed
790 1167 830 1230 ad
854 1171 1029 1251 Πειρήνην
1052 1189 1125 1232 eum

49 1281 79 1320 ιο
94 1255 236 1339 venisse,
260 1255 448 1338 ‘dpavcvpa
470 1256 595 1338 σεμνὸν
617 1252 788 1338 Ἀλφειοῦ’
810 1255 847 1318 in
869 1259 901 1320 te
925 1256 1065 1343 ς111111νῇ1
1088 1261 1125 1320 ut

95 1343 226 1428 scribis,
248 1341 388 1427 haurire,
410 1343 446 1406 in
463 1343 565 1406 tantis
584 1343 650 1406 suis
669 1343 860 1426 praesertim
880 1345 1048 1429 angustiis,
1067 1355 1125 1410 ποῖ

94 1441 205 1497 ταῦτα
228 1433 293 1517 ἄρα
315 1430 513 1514 ἆποσκήψει;
538 1429 600 1494 Sed
622 1431 692 1514 ipse
715 1431 840 1495 viderit.
879 1429 960 1496 Cato
984 1454 1036 1496 mc
1056 1433 1159 1516 qui-2

96 1521 174 1586 dem
199 1519 347 1603 delectat,
370 1519 425 1583 sed
448 1520 546 1583 etiam
568 1519 706 1583 Bassum
729 1519 891 1583 Lucilium
915 1541 981 1584 sua.

583 1694 646 1761 Va.

50 1825 78 1866 1⁵
257 1815 315 1872 Ser.
329 1817 362 1871 ia
378 1817 535 1871 Tusculano
550 1817 627 1886 prid.
642 1817 680 1869 K.
695 1817 761 1870 Ima.
776 1835 803 1870 a.
819 1820 875 1872 708
895 1820 964 1886 (46).

407 1940 553 1996 CICERO
570 1939 719 1994 ΑΤΤΙΟΟ
736 1939 820 1994 SAL.

165 2047 217 2112 De
241 2047 350 2113 Caelio
381 2052 419 2112 tu
442 2069 587 2132 quaeres,
615 2051 653 2111 ut
681 2048 809 2134 scribis,
841 2069 901 2132 ego
929 2048 1014 2112 nihil
1036 2051 1121 2114 novi.

96 2135 270 2201 Noscenda
299 2141 407 2201 autem
435 2141 483 2201 est
510 2140 641 2222 natura,
671 2157 738 2199 non
760 2136 898 2200 facultas
921 2136 1026 2202 modo.
1072 2136 1123 2202 De

96 2223 278 2289 Hortensio
312 2230 345 2289 et
376 2224 533 2308 Verginio
566 2229 617 2309 tu,
650 2224 678 2288 si
711 2224 790 2307 quid
818 2224 990 2289 dubitabis.
1036 2225 1122 2312 Etsi,

53 2313 188 2396 acquod
215 2314 319 2398 magis
342 2314 481 2397 placeat,
512 2333 571 2396 ego
597 2315 755 2396 quantum
779 2313 914 2397 aspicio,
941 2335 1008 2377 non
1026 2313 1121 2378 facile

96 2401 270 2466 inveneris.
308 2399 391 2467 Cum
409 2400 558 2486 Mustela,
582 2421 678 2484 quem
697 2400 887 2464 admodum
907 2401 1030 2487 scribis,
1047 2423 1121 2467 cum

97 2490 224 2554 venerit
248 2488 390 2573 Crispus.
435 2488 488 2554 Ad
510 2487 631 2553 Avium
653 2488 777 2574 scripsi,
799 2493 837 2552 ut
861 2511 908 2573 ea,
933 2512 1015 2573 quae
1038 2490 1120 2555 bene

96 2581 211 2642 nosset
234 2577 272 2642 de
296 2600 383 2663 auro,
411 2576 524 2641 Pisoni
547 2577 793 2642 demonstraret.
835 2576 909 2641 Tibi
933 2579 1019 2642 enim
1043 2601 1119 2644 sane

97 2665 262 2730 adsentior
286 2670 318 2730 et
341 2666 430 2730 istud
451 2665 588 2730 nimium
611 2665 667 2728 diu
685 2664 758 2728 duci
777 2668 809 2729 et
828 2667 937 2730 omnia
955 2688 1041 2731 nunc
1060 2691 1120 2732 un-

54 2779 82 2820 11
98 2754 196 2838 dique
224 2754 449 2819 contrahenda.
496 2753 541 2818 Te
569 2753 699 2837 quidem
721 2752 805 2816 nihil
828 2775 937 2840 agere,
964 2756 1047 2819 nihil
1070 2778 1120 2820 co-

98 2843 204 2927 gitare
224 2842 320 2927 aliud,
342 2843 407 2906 nisi
426 2841 513 2926 quod
531 2841 571 2906 ad
588 2864 640 2905 me
658 2841 828 2926 pertineat,
846 2842 939 2908 facile
959 2844 1118 2928 perspicio

96 2931 243 3014 meisque
265 2931 405 3016 negotiis
427 2931 578 3014 impediri
601 2929 811 3013 cupiditatem
829 2934 920 2994 tuam
939 2931 979 2994 ad
997 2953 1049 2996 me
1067 2955 1120 2997 ve-

95 3019 214 3084 niendi.
262 3016 325 3084 Sed
355 3041 482 3083 mecum
515 3039 583 3082 esse
616 3022 648 3081 te
676 3022 769 3103 pute,
801 3041 868 3082 non
896 3020 1001 3083 solum
1032 3021 1119 3104 quod

95 3129 202 3172 meam
225 3129 294 3171 rem
316 3108 396 3192 agis,
418 3129 531 3171 verum
554 3108 651 3170 etiam
675 3107 762 3189 quod
784 3107 892 3171 videre
910 3108 1030 3192 videor,
1053 3130 1117 3190 quo

55 3196 193 3262 comodo
217 3216 303 3281 agas.
341 3194 455 3280 Neque
479 3197 565 3260 enim
589 3196 656 3259 ulla
674 3195 755 3259 hora
773 3196 824 3258 tui
842 3195 991 3276 mihiest
1011 3197 1118 3280 operis

96 3285 219 3370 ignota.
