2578 3886
271 191 529 246 EPISTULARUM
547 191 598 245 AD
617 191 782 246 ATTIOUM
800 193 839 246 XI
858 199 972 247 20—22.
1066 193 1130 257 347

102 356 210 418 eoque
222 335 349 420 magis,
373 336 459 418 quod
482 339 648 418 praeterea
670 358 765 400 nemo
791 337 914 420 scribit,
945 358 989 421 ac,
1013 337 1040 401 si
1065 358 1132 400 om-

101 445 172 506 nes,
204 427 278 487 tuas
311 427 420 487 tamen
450 425 589 487 maxime
620 429 847 508 exspectarem.
895 424 987 500 Quod
1016 424 1131 488 scribis

101 511 201 576 illum
232 532 290 594 per
317 534 368 576 me
392 510 515 588 Quinto
543 513 613 577 fore
643 513 869 598 placatiorem,
897 513 1013 596 scripsi
1036 513 1076 575 ad
1098 516 1132 585 te

103 604 203 664 antea
227 621 301 663 eum
324 600 437 663 statim
461 600 581 676 Quinto
606 601 674 666 filio
700 603 808 666 omnia
830 602 996 686 tribuisse,
1024 601 1132 666 nostri

74 688 233 752 snullam
255 688 461 752 mentionem.
509 687 598 753 Vale.

573 865 674 930 XXH.

181 985 239 1040 Ser.
254 985 394 1040 Brundisi
409 987 510 1054 paucis
529 987 624 1040 dicbus
638 994 703 1055 post
721 1005 760 1056 cp.
778 987 861 1041 XXI
875 1005 900 1043 a.
918 992 973 1042 707
994 990 1063 1054 (47).

434 1109 562 1164 CICERO
580 1109 714 1165 ATTICO
735 1111 810 1164 SAL.

176 1217 360 1303 Diligenter
387 1217 470 1281 mihi
499 1219 688 1283 fasciculum
716 1219 855 1283 reddidit
878 1217 975 1283 Balbi
997 1217 1166 1283 tabella-1

62 1331 92 1370 ιο
106 1309 187 1372 rius.
223 1305 342 1389 Accepi
365 1307 451 1370 enim
474 1329 492 1370 a
515 1310 549 1370 11
570 1307 708 1391 litteras,
733 1308 851 1392 quibus
874 1307 993 1371 videris
1016 1307 1130 1391 vereri,

107 1400 147 1460 ut
171 1394 326 1478 epistulas
344 1393 418 1458 illas
438 1396 622 1482 acceperim.
660 1395 746 1471 Quas
767 1395 897 1480 quidem
915 1395 1032 1459 vellem
1050 1395 1133 1458 mihi

106 1505 289 1566 numquam
317 1483 472 1566 redditas;
505 1487 664 1548 auxerunt
688 1485 774 1548 enim
797 1483 879 1547 mihi
903 1483 1047 1547 dolorem
1070 1505 1133 1568 nec,

110 1573 140 1636 si
169 1573 205 1635 in
231 1571 371 1654 aliquem
401 1571 603 1656 incidissent,
632 1573 807 1656 quicquam
833 1570 912 1635 novi
935 1571 1132 1635 attulissent.
1196 1645 1199 1654 ¹

111 1660 199 1736 Quid
222 1658 308 1723 enim
331 1663 398 1723 tam
421 1661 650 1745 pervulgatum
675 1682 773 1743 quam
790 1660 880 1723 illius
899 1660 936 1723 in
952 1681 1004 1722 me
1024 1658 1134 1722 odium

66 1772 95 1814 15
111 1753 144 1812 et
168 1769 270 1833 genus
292 1747 354 1811 1100
376 1748 582 1830 litterarum?
622 1749 709 1832 quod
730 1770 771 1812 ne
795 1746 914 1812 Cacsar
942 1747 1071 1830 quidem
1094 1747 1134 1810 ad

111 1838 194 1901 istos
213 1836 342 1900 videtur
360 1836 498 1922 misisse,
512 1837 605 1921 quasi
624 1836 680 1920 qui
698 1836 787 1900 illius
805 1835 1017 1919 improbitate
1037 1834 1135 1898 offen-

111 1926 256 2008 deretur,
285 1924 353 2008 sed,
385 1926 491 2009 credo,
524 1926 574 1988 uti
603 1925 733 1988 notiora
760 1927 874 1988 nostra
903 1923 989 1987 mala
1018 1927 1134 1986 essent.

111 2012 214 2098 Nam,
242 2012 328 2095 quod
350 2016 384 2076 11
407 2013 509 2077 vereri
534 2013 662 2096 scribis,
690 2035 732 2077 ne
755 2013 805 2077 illi
829 2012 949 2098 obsint,
972 2012 1065 2095 eique
1087 2011 1135 2075 rei

111 2123 161 2166 mc
193 2102 242 2164 cis
273 2101 407 2185 mederi,
439 2123 479 2164 ne
512 2103 622 2187 rogari
655 2101 785 2185 quidem
813 2122 847 2164 se
874 2121 990 2184 passus
1018 2103 1068 2164 111
1097 2099 1135 2163 de

69 2215 98 2254 ao
112 2189 180 2254 1110.
220 2187 313 2264 Quod
336 2189 466 2272 quidem
489 2189 572 2253 mihi
593 2189 770 2254 molestum
793 2211 860 2252 non
884 2192 946 2272 est3
969 2187 1051 2252 illud
1068 2209 1136 2252 mo-

112 2279 240 2360 lestius,
263 2277 344 2340 istas
368 2278 611 2360 impetrationes
633 2283 764 2342 nostras
787 2277 872 2340 nihil
895 2277 1009 2340 valere.

181 2364 282 2450 Sulla,
305 2368 342 2429 ut
366 2367 490 2452 opinor,
513 2387 582 2430 cras
607 2366 668 2430 erit
691 2367 744 2430 hic
767 2388 841 2430 cum
859 2365 1020 2430 Messalla.
1059 2362 1171 2430 Cur-2

112 2458 192 2520 runt
214 2454 254 2517 ad
272 2453 366 2517 illum
384 2454 472 2537 pulsi
491 2477 509 2518 a
527 2454 699 2540 militibus,
722 2455 779 2538 qui
798 2475 833 2518 se
850 2458 972 2538 negant
990 2475 1137 2538 usquam,

112 2544 179 2608 nisi
203 2543 393 2624 acceperint.
430 2542 521 2627 Ergo
545 2542 600 2606 ille
624 2543 688 2606 huc
710 2543 827 2627 veniet,
850 2542 937 2626 quod
960 2563 1028 2606 non
1045 2546 1137 2625 puta·

72 2655 99 2696 as
112 2633 204 2715 bant,
227 2631 318 2694 tarde
341 2631 479 2714 quidem.
521 2629 643 2695 Itinera
667 2630 753 2695 enim
776 2632 824 2695 ita
846 2631 934 2716 facit,
956 2633 993 2694 ut
1016 2630 1137 2694 multos

113 2721 182 2785 dies
211 2719 246 2781 in
270 2719 387 2802 oppido
411 2740 473 2784 cac
496 2723 606 2802 ponat.
651 2717 834 2783 Pharnaces
859 2723 976 2803 autem,
1006 2740 1137 2803 quoquo

113 2896 185 2960 Iam
208 2896 295 2959 enim
318 2917 452 2979 corpore
475 2896 530 2959 rix
554 2896 698 2961 sustineo
718 2896 913 2981 gravitatem
931 2895 1029 2959 huius
1050 2895 1139 2980 caeli,

115 3006 198 3069 quae
231 2984 312 3048 mihi
343 2984 488 3048 laborem
522 2985 625 3048 adfert
657 2985 692 3048 in
725 2985 842 3049 dolore.
895 2981 949 3048 An
980 2983 1032 3047 his
1060 2984 1139 3048 illuc

75 3073 270 3138 coeuntibus
293 3072 451 3157 mandem,
481 3076 518 3135 ut
541 3095 592 3136 me
616 3078 779 3158 excusent,
802 3073 873 3156 ipse
897 3072 1044 3136 accedam
1066 3093 1139 3155 pro-

115 3161 213 3246 pius?
252 3160 390 3246 Quaeso,
420 3161 549 3224 attende
580 3164 613 3226 et
639 3183 705 3247 me,
734 3161 821 3245 quod
844 3159 947 3224 adhuc
971 3181 1066 3242 saepe
1088 3181 1139 3223 ro-

116 3254 214 3334 gatus
242 3271 308 3313 11011
335 3249 456 3334 fecisti,
484 3250 620 3313 consilio
648 3251 731 3313 iuva.
779 3247 852 3312 Scio
882 3270 952 3311 rem
975 3247 1140 3311 difficilem

117 3359 197 3421 esse,
226 3335 281 3401 sed
304 3341 341 3400 ut
364 3339 399 3402 ab
421 3337 517 3401 malis
542 3339 640 3402 etiam
663 3338 744 3401 illud
766 3359 839 3401 mea
860 3335 972 3420 magni
995 3336 1140 3420 interest,

117 3429 150 3488 11
176 3429 214 3490 ut
244 3426 377 3490 videam.
424 3425 574 3490 Profecto
598 3426 722 3510 aliquid
744 3425 924 3508 profecero,
952 3423 981 3486 si
1003 3424 1037 3486 id
1061 3424 1141 3487 acci-

77 3535 103 3580 11
117 3514 209 3578 derit.
256 3512 306 3578 De
328 3517 534 3598 testamenta
557 3518 594 3577 ut
620 3514 745 3598 scribis,
768 3511 1012 3576 animadvertes.
