2578 3886
184 125 249 189 356
510 123 548 178 M.
568 123 676 176 TULLI
695 121 884 178 CICERONIS

662 352 729 418 Vb.

282 477 340 534 Sor.
355 479 388 532 ia
408 477 567 532 Tusculano
585 476 642 529 III
656 481 706 529 out
723 475 763 528 II
777 475 821 529 Id.
837 475 903 528 Ian.
919 492 944 528 a.
961 477 1017 530 709
1036 478 1107 543 (45).

491 598 637 653 CICERO
655 597 802 652 ATTICO
820 597 904 653 SAL.

95 727 127 785 (v
141 729 165 776 a)
249 709 415 774 Tubulum
442 710 626 789 praetorem
654 705 749 770 video
772 703 807 769 L.
826 704 974 790 Metello,
1005 705 1041 781 Q.
1061 705 1204 771 Maximo

183 798 381 863 oonsulibus·
426 792 522 859 Nunc
545 793 656 879 velim,
683 792 718 858 P.
743 792 905 879 Scaevola,
934 794 1082 876 pontifex
1105 796 1234 860 maxi-s
1265 817 1266 830 ¹

182 907 264 971 mus,
276 884 404 969 quibus·
414 882 602 947 consulibus
621 881 773 946 tribunus
791 880 835 964 pl.
863 881 1023 966 Equidem
1037 886 1119 966 puto
1133 906 1205 966 pro

182 975 290 1058 rimie,
304 971 466 1056 Caepione
482 974 515 1034 et
528 969 697 1056 Pompei03
716 972 846 1053 praetor
861 971 947 1034 enim
960 970 997 1034 L.
1008 969 1120 1055 Furio,
1134 970 1203 1036 Sen
1265 1039 1266 1046 χ

183 1061 296 1127 Atilio.
342 1059 444 1124 Dabis
467 1059 570 1143 igitur
593 1059 798 1122 tribunatum
822 1062 864 1141 et,
887 1058 916 1122 si
938 1059 1073 1142 poteris,
1097 1059 1204 1123 Tubu-

182 1151 234 1214 lus
259 1171 323 1232 quo
348 1148 489 1213 crimine.
535 1146 581 1210 Et
603 1146 691 1230 vide,
723 1167 857 1231 quaeso,
884 1144 919 1210 L.
938 1146 1035 1231 Libo,
1066 1147 1124 1211 ille
1148 1148 1203 1231 qui

183 1238 221 1301 de
245 1235 311 1301 Ser.
332 1235 446 1322 Galba,
469 1234 689 1299 Censorinone
712 1239 745 1298 et
763 1233 897 1298 Manilio
922 1257 964 1299 en
986 1235 1022 1299 Τ.
1042 1234 1202 1320 Quinctio,
1213 1262 1233 1300 n

181 1325 232 1389 Μ’.
252 1325 358 1390 Acilio
382 1323 569 1389 consulibus
592 1322 745 1387 tribunus
769 1323 812 1406 pl.
831 1323 937 1387 fuerit.
976 1321 1202 1388 Conturbabat

183 1415 268 1478 enim
291 1436 344 1478 me
367 1413 523 1498 [epitome
545 1410 642 1475 Bruti
664 1409 853 1494 Fanniana],
883 1411 919 1474 in
941 1411 1037 1475 Bruti
1061 1413 1202 1495 epitoma

181 1501 422 1567 Fannianorum
442 1499 586 1584 [scripsi]
602 1498 688 1582 quod
707 1503 776 1563 erat
794 1499 830 1562 in
848 1503 1003 1585 extreme,
1025 1499 1123 1583 idque
1142 1522 1199 1585 ego

183 1595 312 1656 secutus
330 1590 417 1653 hunc
434 1587 604 1672 Fannium,
626 1587 683 1670 qui
702 1587 832 1670 scripsit
850 1587 1032 1674 historiam,
1046 1609 1199 1672 generum

181 1700 252 1743 esse
284 1681 477 1762 scripseram
499 1675 598 1740 Laeli.
646 1673 709 1739 Sed
741 1679 778 1739 tu
810 1697 861 1739 me
893 1689 1124 1763 γεωμετρικῶς
1155 1698 1229 1741 ren

181 1768 319 1852 felleraS,
337 1771 370 1832 te
389 1769 497 1830 autem
516 1785 601 1827 nuno
615 1762 738 1828 Brutus
757 1767 790 1826 et
808 1762 960 1829 Fannius.
997 1764 1071 1849 Ego
1091 1769 1199 1828 tamen

182 1857 219 1920 de
250 1857 337 1919 bono
366 1857 512 1936 auctore,
538 1851 730 1936 Hortensio,
759 1851 805 1915 sio
830 1873 1027 1938 acceperam,
1055 1856 1093 1917 ut
1117 1852 1198 1936 apud

181 1943 321 2008 Brutum
344 1947 402 2007 est.
449 1941 545 2004 Hune
567 1940 672 2024 igitur
694 1939 803 2004 locum
828 1941 985 2024 expedies.

661 2115 723 2180 Vc.

334 2238 391 2293 Ser.
406 2240 438 2293 ia
459 2239 617 2292 Tusculano
632 2237 708 2306 prid.
723 2237 768 2291 Id.
783 2238 849 2292 Irm.
864 2255 890 2292 o.
907 2239 963 2292 708
978 2240 1048 2306 (46).
1208 2245 1228 2285 Ἀ

488 2359 634 2416 CICERO
651 2359 799 2414 ATTICO
817 2360 900 2415 SAL.

98 2493 127 2544 (v
140 2491 162 2539 4)
248 2471 321 2554 Ego
348 2471 424 2534 misi
447 2469 599 2534 Tironem
621 2467 813 2533 Dolabellae
841 2468 979 2534 obviam.
1025 2469 1058 2534 Is
1089 2470 1197 2534 adme

179 2559 292 2622 Idibus
316 2562 505 2623 revertetur,
542 2557 588 2620 Te
607 2557 801 2640 exspectabo
820 2557 985 2639 postridie.
1024 2557 1075 2624 De
1094 2559 1197 2622 Tullia

180 2669 252 2711 mea
279 2646 342 2710 tibi
369 2646 634 2730 antiquissimum
661 2667 733 2709 esse
758 2645 865 2729 video,
897 2645 994 2729 idque
1017 2646 1065 2710 ita
1087 2651 1126 2711 ut
1149 2647 1197 2728 sit,

181 2739 214 2798 tc
240 2733 447 2798 vehementer
473 2755 563 2818 rogo,
609 2733 699 2818 Ergo
729 2733 758 2797 ei
785 2732 820 2796 in
847 2733 975 2818 integro
1000 2735 1122 2820 omnia3
1155 2734 1227 2798 sios

182 2823 268 2887 enim
300 2823 424 2886 acribia.
474 2821 570 2906 Mihi,
603 2822 666 2886 etsi
692 2821 856 2885 Kalendae
887 2822 1037 2886 vitandae
1069 2823 1198 2888 fuerunt

181 2909 458 2993 Nicasionumque
489 2909 655 2996 ἀρχέτυπα
678 2910 831 2995 fugienda
853 2910 1133 2994 conficiendaeque
1155 2916 1198 2975 ta-

182 3000 285 3083 bulae,
307 2999 392 3062 nihil
413 3002 524 3062 temen
545 2999 640 3083 tanti,
663 2997 700 3062 ut
723 3021 742 3062 a
764 3003 798 3062 te
821 2997 976 3081 abessem,
998 2999 1070 3063 fuit.
1118 2997 1198 3064 Cum

181 3087 304 3151 Romae
328 3107 431 3150 essem
455 3089 487 3149 et
510 3091 543 3149 te
566 3086 631 3149 iam
654 3087 782 3170 iamque
805 3087 952 3151 visurum
970 3108 1022 3151 me
1041 3091 1198 3171 putarem,

182 3175 301 3240 cotidie
322 3173 562 3258 tamenhorae,
585 3174 703 3256 quibus
723 3175 956 3261 exspectabam,
979 3175 1097 3260 longae
1116 3176 1197 3240 vide
1209 3197 1229 3237 u

182 3264 309 3328 bantur.
352 3263 420 3327 Scis
443 3283 495 3326 me
517 3262 651 3325 minime
673 3284 743 3327 esse
767 3263 935 3349 blandum,
957 3264 1069 3348 itaque
1092 3264 1198 3328 minus

182 3353 350 3437 aliquanto
374 3351 456 3436 dioc,
480 3373 577 3435 quam
601 3351 715 3415 sentio
