2564 3880
195 94 261 162 386
502 94 554 150 M.
574 94 682 150 TUIth
700 91 891 152 CICERONIS

654 324 754 392 XLII.

399 447 456 504 Ser.
471 447 593 502 Amarae
615 447 661 501 VI
674 447 719 502 Id.
734 446 807 502 Mei.
822 463 849 502 o.
865 449 921 502 709
940 449 1010 516 (45).

503 569 649 625 CICERO
665 569 814 625 Arrroo
827 568 911 625 SAL.

160 697 174 746 1
261 677 398 744 Nullum
424 701 444 743 a
469 682 504 742 te
526 678 703 742 desideravi
727 678 811 742 diem
833 677 1031 763 litterarum3
1062 677 1203 742 videbam

195 768 290 854 enim,
312 789 395 852 quae
418 766 542 851 scribis,
564 771 597 830 et
619 770 730 830 tamen
752 766 940 849 suspicabar
960 765 1013 830 vel
1035 766 1144 848 potius
1161 765 1231 828 ins

194 855 387 941 tellegebam
414 853 497 918 nihil
523 853 637 939 fuisse,
666 853 752 938 quod
780 854 950 937 seriberes3
982 876 1008 917 a.
1027 854 1056 917 d.
1075 871 1113 916 vr
1133 852 1201 954 Idus
1255 882 1256 966 p

194 964 271 1008 vero
299 945 332 1007 et
359 942 471 1006 abesse
494 945 526 1006 te
549 943 705 1025 putabam
728 945 761 1006 et
784 941 879 1026 plane
901 941 1049 1007 videbam
1071 941 1154 1004 nihil
1174 945 1202 1003 te
1255 977 1256 980 =

194 1031 321 1096 habere.
366 1029 440 1116 Ego
467 1034 575 1095 tamen
599 1030 639 1094 ad
660 1034 694 1095 te
716 1030 784 1094 fere
806 1029 924 1095 cotidie
946 1029 1093 1114 mittam3
1124 1028 1201 1094 malo
1255 1041 1256 1046 ’

195 1119 281 1183 enirn
308 1118 444 1205 frustra,
471 1140 568 1202 quam
594 1123 628 1182 te
653 1140 721 1182 non
749 1117 881 1204 habere,
908 1118 960 1182 oui
984 1117 1053 1200 des,
1081 1116 1201 1201 siquid

195 1206 280 1271 forte
303 1206 355 1288 sit,
379 1205 466 1290 quod
488 1210 583 1290 putes
607 1227 657 1270 me
676 1206 757 1270 seire
776 1210 932 1290 oportere.
969 1203 1084 1289 Itaque
1103 1204 1230 1288 aooepia

195 1311 233 1358 v1
255 1292 331 1358 Idus
349 1294 476 1359 litteras
494 1298 568 1358 tuas
586 1295 705 1358 inanes.
743 1293 828 1369 Quid
846 1294 932 1360 enim
950 1293 1103 1378 habebas,
1125 1292 1201 1377 quod

196 1383 373 1447 scriberes?
396 1381 444 1446 Mi
461 1387 571 1446 temen
587 1382 677 1464 illud,
692 1382 845 1465 quioquid
862 1385 941 1464 erat,
955 1403 1020 1446 non
1041 1381 1202 1446 molestum

195 1469 270 1557 fuit,
290 1475 326 1535 ot
346 1470 429 1535 nihil
452 1469 549 1555 aliud,
572 1470 654 1534 seire
675 1492 726 1534 me
749 1470 826 1535 novi
848 1473 881 1536 te
903 1469 987 1536 nihil
1008 1469 1135 1534 babere

263 1555 429 1642 Scripsisti
455 1563 564 1623 tamen
585 1557 692 1622 neseio
717 1557 794 1642 quid
816 1556 855 1622 de
879 1555 999 1623 Clodia.
1045 1556 1111 1622 Ubi
1133 1576 1200 1640 ergo
1256 1587 1257 1620 v

196 1669 233 1711 ea
260 1651 310 1712 est
337 1650 393 1711 aut
421 1646 548 1731 quando
576 1645 734 1710 ventura?
770 1645 880 1710 Plaoet
906 1645 988 1710 mihi
1010 1667 1062 1709 rea
1086 1645 1144 1730 sic,
1169 1647 1227 1708 utu
1256 1649 1257 1656 ’

161 1735 371 1799 aseeundum
394 1732 556 1798 Othonem
577 1734 661 1798 nihil
682 1734 795 1818 magis.
833 1732 897 1798 Sed
913 1754 1018 1817 neque
1036 1733 1120 1798 hano
1137 1753 1201 1797 ven-

196 1823 336 1887 dituram
358 1826 438 1905 puto
461 1819 653 1908 (delectatur
671 1821 807 1886 enimet
825 1822 956 1904 eopiosa
974 1825 1024 1885 est
1040 1874 1050 1907 ‚
1066 1825 1110 1908 et,
1130 1819 1201 1886 illud

196 1910 334 1975 alterum
358 1911 521 1992 quamsit
544 1910 684 1994 difficile,
705 1913 739 1975 te
756 1931 823 1974 non
840 1910 935 1994 fugit.
972 1908 995 1976 S
1035 1961 1044 1994 ‚
1067 1909 1201 1991 obsecro,

196 2000 369 2083 enitamur,
396 2002 434 2063 ut
457 1997 578 2082 aliquid
596 1999 638 2062 ad
659 1998 706 2081 id,
736 1997 823 2081 quod
845 1997 955 2084 oupio,
982 1997 1200 2082 excogitemus.

161 2103 178 2151 a
262 2086 335 2172 Ego
358 2107 410 2149 me
432 2085 507 2150 hino
530 2085 686 2170 postridie
709 2085 758 2151 Id.
781 2086 944 2150 exiturum
967 2089 1058 2170 puto,
1081 2085 1136 2150 sed
1153 2087 1227 2148 auto
1257 2131 1258 2156 p

195 2173 231 2238 in
257 2173 475 2239 Tusculanum
504 2178 561 2238 aut
592 2174 738 2260 domum,
768 2173 843 2240 inde
874 2173 1013 2240 tortasse
1039 2173 1200 2258 Arpinum

197 2258 279 2327 Oum
302 2265 425 2326 eertum
449 2261 560 2348 sciero,
583 2262 721 2326 scribam
744 2261 785 2326 ad
806 2265 848 2326 te.

645 2437 760 2502 XLIII.

401 2557 458 2615 aer.
473 2559 594 2614 Aaou
612 2559 662 2613 1v
676 2559 721 2613 nr.
737 2557 811 2613 Mar.
825 2574 852 2613 a.
867 2561 923 2614 roo
943 2561 1012 2628 (rs).

500 2681 645 2737 OIOERO
662 2681 810 2738 Arrloo
828 2681 911 2738 SAL.
1210 2683 1227 2725 ²⁵

38 2803 140 2856 lotan
153 2805 174 2855 s)
259 2786 403 2852 Venerat
428 2788 510 2854 mibi
533 2789 568 2852 in
591 2792 731 2855 mentem
754 2810 884 2854 monere
907 2792 950 2874 te,
979 2791 1016 2851 ut
1039 2787 1201 2872 idipsum,

197 2875 283 2959 quod
301 2875 390 2960 facis,
412 2876 541 2941 faeeres.
572 2877 733 2942 Putabam
751 2877 837 2942 enim
855 2876 1057 2942 eommodius
1075 2881 1109 2942 te
1127 2877 1201 2942 idem

195 2963 285 3027 istud
307 2962 394 3028 domi
416 2984 511 3048 agere
534 2985 629 3048 posse
651 2965 912 3048 interpellatione
935 2964 1072 3028 sublata.

117 3067 179 3118 aa)
263 3050 337 3135 Ego
360 3051 516 3134 postridie
539 3049 629 3137 Idus,
655 3057 694 3117 ut
716 3053 830 3136 scripsi
853 3053 895 3118 ad
916 3056 950 3116 te
972 3056 1056 3137 ante,
1085 3050 1201 3118 Lanuvi

195 3161 324 3204 manere
351 3139 519 3224 constitui,
546 3140 620 3204 inde
648 3145 705 3204 aut
727 3139 849 3206 Romae
875 3140 991 3206 autin
1013 3139 1231 3223 macomus

196 3227 277 3291 soies
301 3231 389 3312 ante,
415 3231 532 3291 utrum.
578 3226 704 3310 †Quod
727 3229 807 3294 soies
830 3233 917 3294 reete
938 3228 1029 3294 illam
1052 3251 1121 3294 rem
1141 3229 1201 3294 fore

195 3313 391 3400 levamento⁷
421 3315 502 3379 bene
530 3315 609 3379 faois
638 3316 816 3382 cumidesse
842 3317 925 3382 mibi
952 3316 1043 3380 crede
1070 3317 1201 3400 perinde,

196 3402 234 3463 ut
256 3401 439 3467 existimare
461 3406 499 3467 tu
516 3423 583 3468 non
600 3406 702 3485 potes.
738 3402 803 3469 Res
821 3403 953 3491 indicat,
976 3409 1098 3488 quanto
1117 3423 1200 3489 opero
