2586 3886
135 151 179 206 M.
201 151 311 204 TULLI
329 149 518 206 CICERONIS
536 150 647 205 EPIST.
667 151 716 204 AD
735 149 898 205 ATTISUM
916 151 955 205 IV
975 158 998 206 1.
1054 152 1114 216 101

23 337 24 418 ,
166 295 241 362 Nos
265 295 380 378 adhuc,
403 295 438 358 in
460 298 573 360 nostro
598 298 687 359 statu
710 295 796 378 quod
819 295 1007 359 difficillime
1030 318 1117 360 recu·
1137 313 1152 359 3

88 384 210 468 perari
223 405 318 467 pesse
332 383 481 447 arbitrati
495 405 614 466 sumus,
637 383 839 467 splendorem
857 387 1006 447 nostrum
1024 384 1118 449 illum

89 474 265 537 forensem
284 475 316 536 et
333 471 370 535 in
387 469 501 536 senatu
518 471 744 536 auctoritatem
758 475 790 536 et
809 472 894 555 apud
907 471 994 537 viros
1014 472 1117 538 bonos

91 560 244 645 gratiam
263 559 377 645 magis,
400 581 497 642 quam
516 562 675 647 optamus,
697 560 861 624 consecuti
880 582 1004 645 sumus,
1026 560 1062 624 in
1083 582 1119 624 re

65 652 213 714 sautem
235 648 402 733 familiari,
431 669 512 731 quae
543 670 638 732 quem
660 648 854 713 admodum
882 649 998 732 fracta,
1027 648 1119 712 dissi·

92 741 188 822 pata,
208 736 334 820 direpta
352 736 404 820 sit,
420 757 487 800 non
505 736 645 820 ignoras,
663 737 755 821 ralde
774 736 958 802 laboramus
978 740 1119 801 tuarum·

23 835 24 854 ¹
94 848 163 910 que
188 846 257 890 non
279 829 347 888 tarn
369 825 567 907 facultatum,
591 846 670 907 quas
690 845 750 909 ego
768 830 897 890 nostras
916 847 986 890 esse
1004 825 1120 910 iudico,
1200 869 1203 876 ,

96 937 202 998 quam
224 911 434 977 consiliorum
456 913 496 976 ad
519 913 713 997 colligendas
733 917 765 978 et
784 913 1025 978 constituendas
1048 913 1119 977 reli-

97 1003 198 1086 quias
221 1004 350 1065 nostras
374 1001 563 1086 indigemus.

58 1114 83 1152 ιο
169 1087 280 1176 Nunc,
307 1089 369 1154 etsi
397 1089 504 1154 omnia
527 1093 583 1153 aut
607 1089 726 1172 scripta
753 1111 823 1154 esse
846 1091 954 1155 atuis
978 1089 1119 1154 arbitror
1138 1102 1155 1150 4

98 1182 159 1242 ant
180 1178 280 1242 etiam
296 1177 421 1242 nuntiis
441 1199 477 1242 ao
494 1198 622 1242 rumore
640 1178 774 1262 perlata,
797 1182 906 1243 tamen
925 1201 961 1242 ea
981 1179 1120 1242 scribam

23 1295 24 1320 1
98 1267 207 1350 brevi,
236 1287 318 1349 quae
340 1269 373 1330 te
396 1269 476 1349 puto
499 1265 704 1349 potissimum
727 1289 766 1330 ex
788 1267 868 1330 meis
895 1267 1014 1331 litteris
1037 1266 1121 1331 velle

23 1425 24 1430 η
100 1375 305 1439 cognoscere.
350 1353 401 1418 Pr.
426 1352 537 1418 Nonas
569 1351 706 1418 Sextiles
736 1354 915 1438 Dyrrachio
947 1377 1018 1420 sum
1047 1377 1121 1438 pro·

101 1444 208 1508 fectus
231 1443 303 1526 ipso
326 1442 384 1506 illo
408 1442 468 1525 die,
492 1463 555 1526 quo
579 1442 632 1507 lex
655 1446 704 1507 est
726 1443 793 1506 lata
817 1442 854 1506 de
877 1443 980 1507 nobis.
1019 1442 1121 1507 Brim-

23 1533 24 1568 1
63 1553 88 1593 1⁵
103 1531 224 1596 disium
245 1531 320 1595 veni
342 1529 447 1602 Nonis
473 1529 658 1594 Sextilibus.
704 1529 756 1596 Ibi
783 1530 865 1594 mihi
887 1530 1027 1596 Tulliola
1049 1554 1121 1595 mea

23 1641 24 1648 ¹
102 1619 167 1682 fuit
189 1622 320 1703 praesto
343 1618 444 1682 natali
463 1640 521 1683 suo
544 1619 615 1702 ipso
640 1618 699 1701 die,
723 1618 779 1702 qui
797 1640 873 1683 casu
895 1618 980 1682 idem
1002 1619 1120 1682 natalis

104 1711 173 1771 erat
205 1710 237 1770 et
259 1706 472 1770 Brundisinae
502 1707 645 1770 coloniae
676 1710 708 1770 et
735 1712 810 1771 tuae
838 1705 961 1770 vicinae
985 1703 1121 1790 Salutis3

106 1817 187 1879 quae
210 1815 262 1859 res
286 1793 551 1860 animadversae
571 1794 780 1859 multitudine
807 1816 932 1859 summa
954 1793 1121 1857 Brundisi·
1232 1838 1234 1842 ,

104 1905 222 1947 norum
245 1882 463 1968 gratulatione
490 1883 651 1947 celebrata
674 1887 730 1947 est.
777 1881 863 1946 Ante
887 1882 972 1946 diem
990 1899 1027 1945 vr
1045 1879 1120 1945 Idus

67 1995 93 2032 so
106 1970 245 2036 Sextiles
268 1971 415 2056 cognovi,
439 1993 536 2054 quom
559 1970 712 2035 Brundisi
735 1992 847 2056 essem,
870 1969 989 2034 litteris
1009 1968 1122 2044 Quinti

105 2059 242 2123 mirifico
267 2059 374 2123 studio
398 2060 542 2123 omnium
566 2064 708 2123 aetatum
726 2063 823 2142 atque
842 2059 999 2140 ordinum,
1022 2057 1121 2122 incre·

105 2147 199 2211 dibili
221 2169 378 2212 concursu
400 2145 514 2212 Italiae
542 2147 648 2232 legem
671 2147 811 2212 comitiis
839 2146 1028 2211 centuriatis
1052 2168 1122 2210 esse

106 2236 271 2320 perlatam.
324 2234 403 2300 Inde
436 2259 455 2300 a
484 2235 688 2300 Brundisinis
721 2235 961 2300 honestissimis
996 2236 1122 2300 decretis

108 2329 240 2388 ornatus
263 2323 326 2388 iter
347 2324 395 2387 ita
417 2325 491 2407 feci,
518 2327 555 2387 ut
582 2324 723 2407 undique
746 2324 786 2387 ad
811 2346 863 2388 me
886 2345 959 2387 cum
982 2323 1122 2408 gratula-

23 2480 24 2493 ,
72 2435 95 2475 a
108 2412 195 2478 tione
216 2412 319 2496 legati
341 2412 556 2476 convenerint.
593 2411 646 2476 Ad
664 2412 779 2476 urbem
801 2411 849 2476 ita
866 2410 949 2496 veni,
972 2415 1009 2475 ut
1026 2433 1121 2475 nemo
1142 2422 1157 2471 5

108 2500 204 2565 ullius
238 2500 359 2565 ordinis
389 2499 487 2565 homo
519 2500 753 2564 nomenclatori
788 2503 885 2564 notus
918 2499 1029 2585 fucrit,
1066 2500 1123 2582 qui

109 2589 187 2652 mihi
210 2588 340 2653 obviam
361 2610 428 2653 non
448 2588 580 2671 venerit,
603 2592 730 2672 praeter
749 2611 804 2652 eos
823 2587 980 2670 inimicos,
1004 2587 1122 2670 quibus

110 2677 143 2740 id
163 2678 280 2764 ipsum,
303 2699 336 2741 se
358 2676 507 2742 inimicos
531 2698 610 2762 esse,
632 2699 699 2742 non
715 2676 826 2741 liceret
846 2680 901 2740 aut
920 2675 1123 2740 dissimulare

112 2770 165 2829 aut
185 2787 312 2851 negare.
359 2763 441 2829 Oum
464 2764 624 2830 venissem
648 2765 688 2829 ad
710 2769 839 2848 portam
859 2763 1030 2849 Capenam,
1053 2785 1123 2848 gra-

76 2853 168 2918 rodus
190 2854 385 2937 templorum
404 2854 444 2917 ab
468 2853 579 2917 infimo
598 2853 693 2936 plebe
711 2852 863 2936 completi
883 2856 982 2916 erant.
1014 2851 1045 2915 A
1060 2874 1124 2935 qua

113 2942 223 3024 plausu
245 2941 386 3006 maximo
414 2963 487 3006 cum
514 2945 599 3005 esset
625 2941 706 3005 mihi
734 2940 911 3026 gratulatio
935 2939 1125 3025 significata,

116 3030 222 3093 similis
248 3033 279 3093 et
302 3030 484 3113 frequentia
508 3034 539 3093 et
562 3028 695 3112 plausus
722 3051 773 3093 me
801 3050 904 3111 usque
932 3027 973 3092 ad
996 3025 1125 3110 Capito·

114 3117 189 3181 lium
202 3117 386 3201 celebrarit,
408 3117 444 3181 in
457 3118 592 3201 foroque
612 3122 643 3182 et
662 3118 696 3181 in
710 3117 782 3202 ipso
797 3115 959 3200 Capitolio
979 3116 1125 3180 miranda

116 3204 283 3269 multitudo
306 3205 378 3269 fuit.

81 3315 105 3358 ss
175 3293 334 3358 Postridie
364 3293 398 3357 in
429 3296 558 3379 senatu,
588 3293 643 3375 qui
673 3293 736 3357 fuit
766 3293 833 3357 dies
856 3290 1025 3355 Nonarum
1050 3290 1125 3372 Sep-

117 3381 235 3464 tembr,
263 3381 389 3445 senatui
417 3381 538 3466 gratias
562 3381 695 3467 egimus.
742 3381 792 3446 Eo
820 3379 919 3444 biduo
944 3401 1017 3443 cum
1041 3380 1161 3441 essete

118 3491 253 3533 annonae
272 3491 396 3534 summa
414 3471 541 3555 coritae,
564 3473 596 3534 et
610 3469 758 3535 homines
773 3469 813 3532 ad
832 3467 996 3531 theatrum
1011 3465 1126 3548 primo,
