2560 3880
29 2 32 105 l

199 121 266 186 544
519 120 556 175 M.
576 120 685 176 TULLI
702 118 892 175 CICERONIS

200 264 263 330 dici
286 263 415 348 quidem
438 263 560 328 alienae
583 263 827 350 dominationis,
852 284 920 328 non
942 262 1077 347 vicario,
1094 263 1223 346 ¹ecquis
1246 283 1247 300 ¹

201 353 374 438 supplicat,
401 355 437 416 ut
462 353 583 435 optime
605 351 731 416 meritis
754 351 850 415 dere
873 349 1003 434 publica
1025 351 1125 414 liceat
1151 373 1223 414 esse

164 457 180 505 3
201 441 320 506 salvis?
343 439 412 504 lsta
430 461 506 504 vero
525 440 731 504 imbecillitas
749 443 782 503 et
801 438 992 524 desperatio,
1010 438 1102 502 cuius
1124 439 1224 522 culpa

200 550 267 593 non
295 529 399 613 magis
426 529 462 592 in
490 531 524 591 te
551 528 669 592 residet
697 549 793 612 quam
820 527 856 590 in
884 527 1032 591 omnibus
1062 526 1157 611 aliis,
1193 531 1224 591 et

201 615 371 682 Caesarem
406 616 441 680 in
476 615 686 698 cupiditatem
717 616 809 700 regni
841 615 971 698 impulit
1003 618 1035 678 et
1066 613 1222 679 Antonio

200 709 276 788 post
299 705 468 769 interitum
491 705 580 768 illius
602 704 772 788 persuasit,
794 707 832 766 ut
854 703 1016 766 interfecti
1037 702 1151 768 locum
1174 725 1224 767 oc-

183 815 318 876 cupare
340 796 519 876 conaretur,
542 795 575 856 et
597 813 682 856 nunc
699 813 834 874 puerum
854 791 953 856 istum
972 790 1100 875 extulit,
1125 795 1167 854 ut
1188 796 1224 854 tu

201 881 358 946 iudicares
389 880 538 964 precibus
568 901 638 944 esse
666 879 901 963 impetrandam
928 879 1065 943 salutem
1091 879 1223 943 talibus

132 1032 135 1038 .
202 970 281 1033 viris
313 969 596 1052 misericordiaque
627 969 723 1032 unius
755 967 811 1032 vix
838 967 936 1032 etiam
962 987 1047 1030 nunc
1074 966 1142 1030 viri
1173 972 1223 1031 tu-

110 1121 111 1124 ,
201 1061 253 1121 tos
277 1058 345 1121 fore
368 1078 439 1140 nos,
462 1055 548 1120 haud
570 1056 638 1120 ulla
661 1056 789 1120 aliare.
826 1054 948 1131 Quodsi
966 1053 1134 1120 Romanos
1158 1077 1240 1119 n0s1

183 1147 272 1209 'esse
299 1144 571 1229 meminissemus,
597 1165 665 1208 non
693 1143 844 1208 audacius
881 1143 1039 1208 dominari
1061 1148 1223 1227 cuperent

201 1232 359 1316 postremi
371 1232 529 1318 homines,
538 1255 635 1317 quam
649 1233 682 1296 id
695 1253 756 1296 nos
769 1231 1024 1317 prohiberemus,
1031 1252 1139 1314 neque
1154 1254 1222 1296 ma

202 1321 265 1405 gis-
279 1321 427 1385 irritatus
455 1325 540 1385 esset
562 1319 725 1384 Antonius
753 1340 853 1405 regno
878 1317 1023 1384 Caesaris
1051 1341 1153 1403 quam
1179 1319 1220 1384 ob

166 1425 184 1473 4
202 1409 344 1473 eiusdem
366 1413 504 1474 mortem
527 1409 708 1472 deterritus.
749 1408 800 1471 Tu
821 1408 959 1495 quidem,
981 1407 1164 1472 consularis
1189 1412 1220 1471 et

202 1501 367 1562 tantorum
390 1497 545 1562 scelerum
568 1497 694 1581 vindex,
717 1496 836 1581 quibus
860 1495 1021 1580 oppressis
1044 1516 1161 1559 vereor
1179 1517 1237 1558 ner

202 1586 237 1648 in
259 1586 355 1650 breve
377 1589 504 1669 tempus
528 1584 627 1649 dilata
651 1586 694 1649 sit
718 1585 775 1649 abs
798 1588 832 1650 te
853 1584 1019 1667 pernicies,
1042 1582 1101 1666 qui
1123 1587 1218 1667 potes

201 1673 335 1757 intueri,
365 1695 446 1757 quae
474 1674 625 1758 gesseris,
654 1672 752 1736 simul
780 1676 812 1736 et
839 1672 904 1736 ista
930 1672 982 1736 vel
1003 1671 1145 1755 probare
1168 1671 1218 1736 vel

202 1761 249 1825 ita
278 1761 415 1826 demisse
447 1783 483 1825 ac
512 1762 606 1826 facile
632 1761 716 1845 pati,
745 1764 782 1824 ut
804 1761 973 1843 probantis
997 1759 1137 1843 speciem
1161 1758 1218 1822 ha—

203 1849 301 1913 beas?
335 1849 427 1925 Quod
449 1853 557 1914 autem
576 1849 638 1913 tibi
656 1871 728 1913 cum
746 1847 891 1914 Antonio
910 1848 1064 1931 privatim
1084 1847 1216 1912 odium?

203 1935 326 2020 Nempe
350 1938 426 2022 quia
448 1938 635 2021 postulabat
657 1936 745 2023 haec,
768 1937 905 2001 salutem
928 1936 969 2000 ab
994 1958 1028 2000 se
1047 1935 1122 2018 peti,
1144 1957 1215 2016 pre·
1229 1959 1250 1998 11

203 2025 321 2088 cariam
342 2047 403 2089 nos
426 2025 682 2090 incolumitatem
703 2025 830 2110 habere,
854 2023 1009 2108 aquibus
1033 2024 1099 2107 ipse
1117 2022 1212 2085 liber-

203 2117 304 2177 tatem
332 2113 520 2198 accepisset,
547 2135 616 2179 esse
647 2113 818 2177 arbitrium
842 2135 936 2176 suum
959 2112 997 2176 de
1020 2109 1215 2194 republica,

204 2202 384 2284 quaerenda
412 2223 482 2265 esse
510 2224 598 2266 arma
620 2201 757 2285 putasti,
785 2201 903 2284 quibus
926 2200 1086 2264 dominari
1108 2198 1215 2282 prohi-

204 2289 348 2374 beretur,
375 2290 497 2354 scilicet
524 2294 561 2354 ut
588 2290 646 2354 illo
669 2289 836 2372 prohibito
858 2309 1045 2373 rogaremus
1069 2288 1216 2370 alterum,

206 2378 262 2459 qui
286 2399 319 2441 se
342 2378 377 2440 in
399 2378 467 2442 eius
491 2377 599 2442 locum
617 2378 729 2459 reponi
747 2380 921 2461 pateretur,
944 2399 987 2440 an
1004 2379 1043 2439 ut
1060 2379 1147 2439 esset
1167 2376 1215 2439 sui
1228 2399 1247 2438 a

203 2465 283 2526 iuris
310 2487 346 2529 ac
372 2466 524 2549 mancipii
551 2464 776 2548 respublica?
807 2465 871 2528 nisi
894 2465 979 2528 forte
1001 2485 1069 2528 non
1091 2463 1131 2527 de
1154 2485 1215 2527 ser-

203 2552 321 2635 vitute,
354 2553 409 2616 sed
441 2555 479 2618 de
507 2553 691 2617 condicione
720 2552 877 2617 serviendi
906 2556 1089 2618 recusatum
1118 2555 1167 2615 est
1198 2573 1214 2614 a

202 2639 306 2702 nobis.
353 2639 456 2724 Atqui
482 2663 549 2706 non
571 2642 676 2704 solum
699 2641 785 2705 bono
809 2640 938 2706 domino
962 2640 1128 2723 potuimus
1151 2637 1214 2702 An·

203 2727 294 2791 tonio
319 2728 457 2792 tolerare
478 2733 624 2793 nostram
646 2730 824 2813 fortunam,
852 2729 907 2794 sed
930 2729 1028 2793 etiam
1051 2727 1213 2791 beneficiis

204 2819 300 2898 atque
327 2813 505 2881 honoribus
532 2821 570 2881 ut
597 2817 770 2901 participes
793 2817 871 2903 frui,
899 2816 1028 2900 quantis
1052 2815 1212 2880 vellemus.
1226 2839 1245 2878 so

204 2903 288 2979 Quid
311 2903 395 2966 enim
417 2909 550 2988 negaret
572 2905 623 2990 iis,
647 2906 784 2988 quorum
802 2903 994 2988 patientiam
1011 2902 1133 2968 videret
1150 2925 1213 2966 ma-

203 2992 326 3054 ximum
354 2991 582 3056 dominationis
606 3015 682 3057 suae
705 2991 898 3076 praesidium
921 2991 1012 3056 esse?
1050 2991 1113 3056 Sed
1133 2991 1213 3054 nihil

204 3080 288 3142 tanti
306 3079 378 3162 fuit,
393 3100 456 3162 quo
471 3080 678 3144 venderemus
697 3080 793 3144 fidem
810 3084 1005 3144 nostramet
1023 3079 1211 3144 libertatem.

169 3182 185 3229 5
271 3166 333 3231 Hic
355 3168 425 3251 ipse
448 3189 536 3250 puer,
560 3190 655 3250 quem
678 3166 824 3233 Caesaris
842 3189 961 3232 nomen
978 3168 1113 3232 incitare
1130 3167 1212 3230 vide

205 3258 258 3316 tur
285 3255 320 3316 in
343 3253 488 3319 Caesaris
518 3256 758 3343 interfectores,
789 3257 902 3340 quanti
925 3257 1088 3339 aestimet,
1119 3255 1146 3319 si
1170 3256 1211 3318 sit
1224 3279 1243 3319 a

205 3344 393 3408 commercio
411 3343 510 3429 locus,
533 3365 627 3428 posse
645 3344 740 3407 nobis
759 3345 945 3409 auctoribus
964 3349 1101 3431 tantum,
1118 3365 1211 3427 quan-

205 3431 275 3492 tum
297 3432 442 3513 profecto
458 3432 601 3522 poterit,
630 3432 782 3513 quoniam
804 3433 911 3498 vivere
934 3436 967 3498 et
989 3433 1138 3517 pecunias
1159 3431 1210 3495 ha-
