2568 3888
246 124 505 180 EPISTULARUM
524 126 573 180 AD
592 125 756 181 ATTICUM
773 127 799 180 H
818 132 861 197 20,
880 133 923 182 21.
1051 129 1093 192 67

53 269 116 352 qui
145 267 275 333 Catoni
304 269 383 334 irati
412 269 520 333 omnia
548 269 773 355 perdiderunt,
805 271 860 335 sed
890 270 937 334 ita
958 263 1096 366 ¹lenibus

53 357 108 420 uti
134 357 344 421 videbantur
366 358 507 443 venenis,
529 361 566 420 ut
584 379 680 440 posse
697 358 880 422 videremur
898 359 966 422 sine
986 359 1096 424 dolore

56 446 224 531 interire;
252 467 340 510 nunc
361 467 437 510 vero
463 445 567 510 sibilis
590 445 692 531 volgi,
723 445 925 511 sermonibus
947 446 1097 512 honesto·

56 555 156 619 rum,
191 533 326 598 fremitu
358 531 472 598 Italiae
493 554 607 598 vereor
637 556 678 597 ne
706 534 891 598 exarserint.
936 534 1130 617 Equidema

33 621 262 706 separabam,
292 625 331 684 ut
361 643 454 704 saepe
484 621 582 686 etiam
609 621 700 705 loqui
729 625 836 686 tecum
864 621 1020 708 solebam,
1050 623 1096 688 sic

61 709 188 773 orbem
217 710 267 773 rei
296 709 444 792 publicae
474 730 544 774 esse
574 730 777 792 conversum,
804 715 842 774 ut
868 710 924 774 vix
952 711 1096 775 sonitum

62 797 200 882 audire,
232 797 289 861 vix
320 797 511 880 impressam
543 797 683 861 orbitam
714 797 822 862 videre
849 820 1030 883 possemne,
1063 803 1095 863 et

61 885 191 949 fuisset
205 885 263 971 ita,
287 885 315 948 si
328 884 477 949 homines
495 884 670 949 transitum
688 886 891 968 tempestatis
910 890 1095 969 exspectare

63 974 269 1055 potuissent.
316 971 388 1058 Sed,
411 994 484 1036 cum
508 972 562 1036 diu
587 973 711 1036 occulte
735 974 959 1058 suspirasaent,
981 979 1095 1057 postea

30 1087 51 1125 a
65 1061 136 1124 iam
159 1081 301 1145 gemere,
318 1061 359 1124 ad
378 1064 556 1124 extremum
572 1082 649 1124 vero
668 1060 759 1144 loqui
778 1082 888 1126 omnes
907 1065 940 1125 et
958 1061 1094 1127 clamare

65 1152 260 1232 coeperunt.
296 1148 411 1231 ltaque
430 1148 485 1212 ille
504 1148 625 1213 amicus
643 1153 754 1212 noster
772 1149 914 1214 insolens
932 1149 1094 1237 infamiae,

66 1259 203 1320 semper
225 1237 261 1299 in
287 1236 381 1300 laude
404 1240 565 1322 versatus,
595 1237 818 1302 circumfluens
846 1237 963 1324 gloria,
992 1239 1093 1304 defor-

65 1329 184 1388 matus
207 1345 351 1410 corpore,
373 1324 496 1388 fractus
516 1324 632 1409 animo,
656 1346 719 1408 quo
744 1346 778 1388 se
802 1326 954 1411 conferat,
976 1328 1093 1412 nescit,

67 1433 286 1497 progressum
314 1411 537 1497 praecipitem,
564 1412 801 1476 inconstantem
828 1413 969 1477 reditum
991 1415 1092 1499 videt3

36 1525 57 1564 ιε
71 1501 183 1564 bonos
216 1501 365 1564 inimicos
395 1498 508 1586 habet,
542 1500 707 1584 improbos
743 1501 832 1583 ipsos
864 1523 930 1564 non
963 1503 1092 1566 amicos.

70 1587 120 1652 Ac
151 1588 227 1652 vide
257 1588 429 1653 mollitiem
456 1588 563 1652 animi.
609 1586 685 1651 Non
712 1589 802 1652 tenui
829 1588 991 1672 lacrimas,
1020 1611 1093 1654 cum

70 1676 171 1739 ruam
201 1699 228 1740 a.
253 1676 281 1740 a.
309 1694 373 1740 vm
402 1659 474 1740 aar.
506 1674 643 1740 sexana
673 1676 740 1739 vau
772 1676 811 1739 ce
840 1676 953 1747 edicas
983 1677 1093 1740 arban

74 1764 328 1828 contionantem.
358 1762 420 1838 Qui
439 1767 533 1827 antea
552 1764 667 1828 solitus
682 1767 766 1828 esset
780 1764 898 1830 iactare
918 1786 951 1828 se
969 1765 1093 1848 magni-

73 1852 285 1916 ficentissime
314 1851 372 1915 illo
408 1851 442 1915 in
474 1851 547 1916 loco
578 1873 703 1915 summo
735 1873 808 1915 cum
837 1873 945 1915 amore
970 1853 1092 1937 populi,

39 1940 203 2004 acunetis
226 1939 425 2025 faventibus,
452 1943 489 2002 ut
516 1940 570 2004 ille
598 1943 669 2003 tum
696 1939 843 2025 humilis,
870 1943 907 2004 ut
935 1940 1091 2004 demissus

75 2032 161 2111 erat,
185 2031 224 2091 ut
246 2027 318 2110 ipse
341 2027 439 2090 etiam
462 2027 538 2113 sibi,
564 2049 631 2092 non
658 2028 698 2091 iis
728 2027 846 2114 solum,
873 2029 929 2111 qui
952 2029 1093 2114 aderant,

76 2115 282 2199 displicebat!
338 2112 364 2178 O
393 2114 620 2198 ‘spectaculum
660 2115 718 2180 uni
753 2113 869 2179 Crasso
910 2116 1093 2203 iucundum,

77 2203 192 2268 ceteris
217 2224 284 2266 non
307 2203 398 2266 item!
434 2201 528 2286 Nam,
552 2203 628 2286 quia
651 2203 811 2267 deciderat
835 2226 873 2268 ex
897 2203 1004 2289 astris,
1026 2205 1092 2287 lap-

78 2313 132 2355 sus
156 2312 254 2374 quam
276 2311 467 2374 progressus
489 2291 600 2374 potius
622 2290 804 2375 videbatur,
828 2294 869 2375 et,
892 2296 929 2356 ut
952 2291 1093 2379 Apelles,

44 2405 65 2445 25
79 2379 106 2442 si
129 2377 305 2464 Venerem,
333 2382 389 2442 aut
410 2377 622 2463 Protogenes,
650 2379 679 2442 si
705 2378 848 2462 Ialysum
875 2379 968 2443 illum
999 2402 1092 2444 suum

79 2488 174 2532 caeno
199 2466 339 2530 oblitum
361 2466 493 2550 videret,
514 2488 677 2551 magnum,
700 2467 803 2553 credo,
826 2467 981 2548 acciperet
1004 2468 1092 2531 dolo·
1211 2491 1215 2499 ·

78 2577 157 2639 rem,
185 2555 233 2618 sic
256 2575 316 2640 ego
344 2553 430 2618 hunc
453 2555 602 2619 omnibus
631 2578 650 2619 a
672 2576 723 2618 me
746 2555 870 2638 pictum
897 2559 930 2619 et
952 2556 1091 2639 politum

80 2644 156 2707 artis
186 2643 349 2706 coloribus
386 2642 494 2707 subito
529 2643 742 2707 deformatum
774 2665 840 2707 non
873 2643 941 2707 sine
973 2665 1091 2728 magno

81 2731 188 2795 dolore
211 2729 288 2795 vidi.
326 2729 527 2814 Quamquam
549 2752 643 2794 nemo
662 2731 798 2813 putabat
816 2735 948 2815 propter
967 2729 1092 2796 Clodia-

48 2841 154 2884 anum
189 2819 359 2903 negotium
390 2840 441 2884 me
473 2819 522 2882 illi
554 2819 693 2882 amicum
725 2840 794 2883 esse
826 2819 953 2904 debere,
984 2823 1092 2883 tamen

81 2911 186 2972 tantus
216 2905 283 2970 fuit
313 2927 417 2992 amor,
447 2911 485 2970 ut
514 2905 678 2971 exhauriri
706 2907 796 2970 nulla
825 2911 936 2990 posset
964 2907 1091 2972 iniuria.

80 2993 188 3079 Itaque
211 2993 420 3060 Archilochia
446 2994 481 3058 in
507 2995 600 3058 illum
627 2995 731 3058 edicta
758 2994 869 3058 Bibuli
896 2996 1016 3078 populo
1045 2996 1092 3059 ita

82 3087 151 3148 sunt
172 3082 327 3166 iucunda,
357 3085 395 3146 ut
418 3103 490 3147 eum
512 3081 632 3166 locum,
662 3082 719 3146 ubi
745 3087 986 3169 proponuntur,
1015 3106 1091 3167 prae

80 3171 283 3236 multitudine
316 3191 441 3256 eorum,
475 3171 530 3253 qui
559 3170 686 3255 legunt,
720 3169 857 3235 transire
887 3192 1091 3254 nequeamus,

49 3261 138 3343 aipsi
164 3260 214 3324 ita
248 3259 375 3342 acerba,
406 3262 443 3322 ut
473 3259 616 3323 tabescat
647 3257 771 3343 dolore,
799 3257 880 3321 mihi
909 3259 1091 3324 mehercule

80 3349 222 3432 molesta,
262 3347 350 3431 quod
379 3351 411 3410 et
440 3367 527 3432 eum,
559 3369 654 3430 quem
689 3367 815 3429 semper
851 3345 962 3430 dilexi,
994 3347 1091 3410 nimis

80 3437 275 3519 excruciant,
307 3438 339 3499 et
361 3434 474 3518 timeo,
503 3439 570 3499 tam
592 3435 762 3500 vehemens
786 3434 836 3498 vir
865 3437 996 3516 tamque
1020 3456 1092 3497 acer

894 3534 931 3586 5*
