2560 3880
153 187 218 252 562
489 185 817 241 PSEUDOOICERONIS

153 329 329 394 dicimo
297 330 581 412 etpraeteritae
571 329 707 393 rniuriae
734 330 956 394 testimonium
983 332 1016 393 et
1044 329 1158 392 absen-
1272 317 1273 360 ι

153 419 236 482 tium
259 438 370 481 sensus
394 417 666 502 significationem,
693 439 760 482 non
782 417 1043 500 praetermittam,
1069 439 1157 500 qum
1272 435 1273 510 j

154 505 303 589 quoniam
333 526 439 569 coram
469 505 502 569 id
528 505 630 570 facere
658 506 844 589 prohibeor,
875 506 989 570 absens
1017 526 1081 588 pro
1105 527 1158 568 me
1272 521 1273 574 j

154 593 352 677 expostulem
378 598 491 658 tecum.
537 592 644 676 Atque
671 594 718 657 ita
747 593 816 657 dico
840 592 911 677 ‘pro
933 593 1005 677 me’,
1036 593 1063 655 si
1087 593 1157 675 qui·
1272 593 1273 668 ξ

114 741 118 746 ,
154 681 225 745 dem
237 703 311 745 ιιιιι
330 681 415 744 salus
434 685 489 745 aut
507 681 597 745 utilis
615 681 662 745 rei
680 682 826 765 publicae
845 686 894 745 est
912 684 968 744 aut
986 681 1157 745 coniuncta
1183 708 1195 746 a

154 773 238 838 certe
268 769 413 852 publicae
445 769 549 832 saluti.
594 767 692 853 Nam,
719 791 775 853 per
802 769 895 833 deum
923 768 1156 832 immortalium

153 857 257 942 fidem,
276 857 343 938 nisi
364 858 447 921 forte
469 857 590 920 frustra
613 879 667 922 eos
686 857 821 944 appello,
843 879 980 940 quorum
998 878 1090 922 aures
1109 861 1157 920 at
1272 873 1273 938 ι

155 966 216 1028 que
243 945 366 1008 animus
390 967 408 1008 a
430 945 525 1008 nobis
548 945 734 1030 abhorrent,
761 967 879 1029 perque
901 944 979 1009 Fert
965 949 1077 1008 tunam
1100 965 1156 1027 po·
1272 945 1273 988 l

154 1033 223 1116 puli
245 1031 395 1117 Romani,
422 1054 503 1183 quae
531 1055 723 1116 quamquam
745 1033 839 1097 nobis
862 1033 979 1097 infesta
946 1037 1064 1116 t,est
1091 1033 1156 1096 fuit
1272 1075 1273 1080 ι

154 1120 324 1203 aliquando
347 1084 455 1203 propit
457 1120 488 1184 ia
512 1125 556 1205 et,
583 1125 620 1184 ut
643 1143 749 1207 spero,
776 1122 956 1185 futurat
907 1125 956 1185 est
957 1121 1064 1222 ,quis
1087 1125 1194 1185 tanne

154 1229 266 1290 expers
295 1207 474 1272 humanitat
427 1208 518 1293 ιιιιι,
546 1209 634 1310 quis
640 1208 735 1272 huius
758 1209 847 1273 urbis
869 1209 994 1273 nomini
1015 1231 1051 1272 ac
1075 1208 1156 1272 sedi·

153 1296 214 1359 bus
242 1317 342 1378 usque
372 1297 449 1360 adeo
473 1296 553 1359 est
544 1297 705 1380 mimicus,
732 1301 769 1361 ut
791 1298 854 1361 ista
876 1301 932 1362 aut
918 1291 1156 1361 tdissinrulare
1272 1335 1273 1388 ι

154 1383 257 1466 possit
284 1387 431 1447 autnon
458 1384 563 1448 dolere
593 1389 662 1471 aut,
696 1384 723 1448 si
750 1385 915 1448 nullst
865 1409 901 1448 ιι
901 1386 989 1448 tione
1016 1384 1155 1467 publicis
1272 1451 1273 1454 ,

154 1471 363 1535 incommodis
389 1471 507 1536 mederi
535 1476 645 1559 queat,
670 1493 737 1537 non
759 1477 863 1537 morte
884 1473 1051 1556 proprium
1073 1472 1156 1556 peri·

155 1559 261 1622 culum
282 1559 383 1624 vitet?
1169 1588 1194 1626 ιι
1272 1567 1273 1604 i

120 1663 136 1710 3
219 1645 312 1732 Nam,
334 1651 370 1710 ut
388 1647 494 1711 ordiar
512 1648 552 1711 ab
570 1647 665 1712 initio
683 1651 715 1711 et
733 1647 902 1731 perducam
921 1647 960 1711 ad
977 1649 1157 1711 extremum
1272 1681 1273 1694 ι

156 1736 188 1797 ιι
209 1735 383 1799 novissima
406 1735 565 1800 conferam
582 1735 704 1818 primis
728 1757 808 1818 quae
825 1758 892 1801 non
910 1735 1068 1818 posterior
1088 1734 1156 1798 dies
1272 1781 1273 1822 ,

155 1823 298 1887 acerbior
316 1823 421 1905 priore
440 1827 566 1906 atquae
583 1845 649 1888 non
666 1823 835 1906 insequens
852 1824 931 1887 hora
951 1823 1157 1887 antecedente
1272 1823 1273 1848 ³

155 1911 370 1974 calamitosior
392 1911 511 1994 populo
530 1909 675 1975 Romano
697 1911 828 1975 illuxit?
855 1911 897 1975 M.
917 1911 1089 1994 Antonius,
1106 1911 1157 1974 vir

155 1998 254 2062 animi
271 1999 402 2062 maximi
417 1997 555 2083 (utinam
573 1999 669 2062 etiam
689 1999 840 2083 sapientis
860 1999 984 2064 consilii
1002 1996 1157 2082 fuissett),
1170 2025 1194 2064 ιι

156 2084 342 2151 doceare
364 2087 547 2170 fortissime,
569 2087 624 2151 sed
645 2109 760 2170 parum
781 2087 917 2152 feliciter
939 2109 957 2150 a
978 2087 1027 2150 rei
1051 2085 1157 2169 publi·

155 2195 209 2238 cae
244 2174 459 2238 dominatione
496 2179 618 2239 semoto
655 2175 857 2258 concupierat
887 2174 990 2258 magis
1021 2174 1158 2258 regium,

156 2283 251 2344 quarn
268 2263 370 2327 libera
387 2263 499 2327 civitas
516 2263 586 2346 pati
603 2267 721 2348 posset,
734 2262 957 2346 principatum.
989 2261 1159 2326 Publicam

155 2350 351 2433 dilapidabat
372 2351 547 2436 pecuniam,
574 2351 728 2415 aerarium
752 2351 967 2436 exhauriebat,
989 2349 1158 2414 minuebat
1272 2403 1273 2406 ,

155 2458 211 2501 ιιι
212 2439 337 2525 tigalia,
367 2439 506 2504 donabat
492 2438 601 2502 tcivi
602 2442 684 2503 attes
715 2438 918 2504 immunitate
946 2442 978 2502 ιι
1007 2437 1196 2504 nationesne
1272 2451 1273 2508 ἲ

156 2545 195 2587 ex
218 2527 459 2613 commentario3
482 2527 581 2591 dictat
533 2530 672 2590 tturam
691 2526 831 2612 gerebat,
852 2526 940 2611 leges
958 2525 1158 2626 imponebat,

156 2610 353 2713 prohibebat,
369 2579 555 2679 dictatorem
578 2614 690 2697 creari,
719 2615 787 2699 ipse
809 2613 994 2699 regnabat
985 2635 1020 2676 ιιι
1042 2633 1158 2677 consu·
1272 2611 1273 2620 ’

155 2699 202 2762 lat
188 2702 238 2782 t,u
264 2701 444 2782 provincias
472 2723 580 2766 ornnes
604 2723 686 2766 unus
709 2702 920 2785 concupierat.
898 2700 1026 2765 tOui
1049 2700 1157 2766 sorde·
1272 2707 1273 2734 ³

157 2786 213 2850 bat
235 2785 418 2853 Macedonia
447 2789 622 2875 provincia,
649 2812 745 2873 quam
766 2791 868 2854 victor
891 2789 952 2855 sibi
975 2792 1157 2872 sumpserat

158 2872 282 2959 Caesar,
304 2875 380 2958 quid
402 2877 440 2941 de
457 2878 518 2942 hoc
536 2899 662 2961 sperare
680 2882 736 2942 aut
753 2881 934 2961 exspectare
951 2899 1011 2942 nos
1030 2881 1157 2960 oporte-
1171 2904 1195 2943 so

121 2963 235 3029 4bat?
270 2962 353 3027 Exst
339 2963 437 3028 titisti
468 2969 505 3028 tu
532 2966 646 3029 vindex
672 2969 801 3030 nostrae
826 2966 958 3030 libertat
909 2967 987 3030 tatis
1013 2968 1050 3028 ut
1076 2968 1157 3028 tunc

157 3052 283 3133 quidem
307 3051 448 3134 optimus
470 3051 616 3136 (quodut'
607 3076 691 3117 ιιιιιιι
714 3076 817 3137 neque
838 3058 950 3118 nostra
967 3074 1026 3117 nos
1045 3053 1156 3136 opinio

156 3161 258 3222 neque
280 3143 337 3202 tua
359 3138 437 3203 fides
459 3138 623 3204 fefellisset
609 3140 651 3226 ιι)
675 3145 707 3205 ιι
728 3142 918 3206 veteranis
908 3164 943 3206 ιιι
965 3163 1064 3204 unum
1082 3160 1157 3204 con·

157 3226 241 3290 duct
217 3231 260 3290 trs
287 3231 319 3290 et
346 3226 468 3292 duabus
495 3227 675 3311 legionibus
699 3253 717 3293 a
729 3230 878 3329 pernicie
900 3230 1022 3313 patriae
1044 3227 1084 3292 ad
1108 3249 1157 3292 sa-

156 3310 206 3374 lut
192 3315 256 3376 tem
287 3320 398 3379 avocat
399 3316 426 3379 is
384 3315 564 3379 tsubito
596 3337 694 3398 prope
725 3317 790 3381 iarn
820 3318 966 3418 desperat
968 3338 1067 3380 ame
1050 3315 1156 3380 et-af
1170 3341 1195 3381 ιι

157 3397 275 3462 dictam
297 3423 365 3465 rem
387 3403 547 3485 publicam
568 3402 633 3465 tuis
658 3404 771 3503 opibus
795 3405 947 3470 extulisti
912 3319 1082 3480 ttluael³
1093 3402 1156 3466 tibi

156 3505 222 3548 non
240 3490 322 3573 ante,
345 3511 440 3572 quam
458 3494 532 3575 post
518 3489 647 3574 t,ulares
668 3490 789 3554 maiora
788 3514 912 3577 ,quenn
929 3491 1035 3574 velles,
1052 3490 1157 3574 plura,
