2564 3880
170 169 235 234 396
493 168 530 222 M.
550 168 657 222 TULLI
676 165 865 222 CICERONIS

649 345 706 411 IV.

284 522 289 531 ,
366 467 424 524 Ser.
439 469 471 522 io
491 467 649 522 Tusculano
668 467 706 522 K.
720 467 786 521 Iwn.
802 484 828 522 a.
845 470 900 522 709
920 467 991 537 (45).

477 589 622 644 CICERO
639 588 786 644 ATTICO
803 589 887 645 SAL.

136 716 150 764 1
237 699 351 764 Habeo
377 720 496 763 munus
525 720 545 762 a
574 701 607 762 te
637 696 838 762 eleboratum
867 697 975 762 desem
997 697 1192 782 legatorum.

170 788 216 852 Et
244 788 373 872 quidem
400 789 437 852 de
461 787 618 850 Tuditano
643 787 727 850 idem
748 790 838 869 puto.
883 783 970 849 Nem
992 784 1082 849 filius
1106 806 1192 848 enno
1216 809 1226 848 s

135 880 246 960 npost
270 878 422 959 quaestor
444 873 508 937 fuit
527 895 625 956 quem
643 873 758 938 consul
775 873 962 938 Mummius,
1001 871 1072 958 sed,
1093 894 1193 956 quon-

170 965 236 1028 iam
265 964 392 1046 saepius
421 961 460 1026 de
487 961 673 1025 nominibus
702 961 830 1045 quaeris
859 961 938 1045 quid
960 960 1102 1047 placeat,
1131 981 1192 1045 ego

171 1073 300 1136 quoque
327 1050 390 1114 tibi
418 1049 546 1132 saepius
576 1050 755 1133 respondeo
778 1049 911 1133 plaeere.
959 1047 995 1113 Si
1018 1048 1099 1132 quid
1121 1052 1192 1133 poe

172 1139 245 1224 erin,
267 1161 340 1203 oum
362 1137 480 1202 Pisone
507 1137 669 1221 conficies3
699 1136 802 1201 Anius
826 1137 912 1202 enim
934 1137 1064 1201 videtur
1086 1137 1123 1200 in
1146 1137 1191 1200 of-

170 1227 244 1291 ficio
276 1227 416 1290 futurus.
465 1223 575 1290 Velim
608 1229 682 1289 ante
708 1225 829 1309 possis3
867 1226 895 1290 si
922 1225 1045 1309 minus,
1077 1225 1190 1308 utique
1202 1249 1222 1287 1⁰

172 1315 269 1379 simul
305 1315 420 1398 simus,
453 1334 552 1397 quom
587 1311 710 1377 Brutus
747 1313 854 1378 veniet
890 1314 924 1377 in
961 1312 1188 1377 'Insculanum

171 1403 282 1487 Magni
309 1403 445 1466 interest
471 1424 544 1465 mea
570 1423 635 1465 una
661 1422 721 1465 nos
745 1423 822 1466 esse.
870 1399 958 1466 Scies
982 1406 1106 1486 entem,
1133 1401 1189 1484 qui

170 1491 238 1556 dies
275 1491 304 1555 is
331 1491 461 1554 futurus
493 1489 551 1574 sit,
587 1489 616 1553 si
647 1511 748 1573 puero
777 1490 947 1574 negotium
978 1488 1117 1574 dederis,
1152 1493 1188 1552 ut

170 1583 312 1664 quaerat.

654 1715 694 1782 V.
1196 1740 1216 1780 15

320 1839 378 1896 Sor.
392 1839 425 1892 io
445 1837 601 1892 Tusculano
617 1837 668 1892 IV
683 1838 757 1892 Non.
771 1838 837 1892 Iun.
852 1855 878 1892 a.
894 1841 950 1892 709
969 1841 1038 1907 (45).

475 1960 620 2016 CICERO
637 1960 784 2016 ATTICO
801 1960 885 2016 SAL.

135 2089 148 2136 1
238 2069 290 2154 Sp.
314 2069 508 2134 Mummium
540 2072 690 2152 putaram
721 2069 757 2132 in
789 2069 896 2133 decem
928 2069 1046 2153 legetis
1079 2069 1183 2150 fuisse,

170 2160 226 2224 sod
260 2158 409 2223 videlieet
448 2155 583 2244 (etenim
623 2154 779 2242 εὔλογον)
811 2156 907 2220 fratri
943 2157 1053 2221 fuisse.
1113 2155 1183 2220 Fuit

170 2248 256 2312 enim
287 2246 328 2309 ad
360 2243 568 2309 Corinthum..
615 2244 692 2309 Misi
724 2243 786 2308 tibi
818 2244 1028 2328 Torquatum.
1083 2242 1212 2308 Collo-so

170 2356 267 2419 quere
303 2337 340 2398 tn
377 2333 505 2416 quidem
538 2354 611 2397 oum
644 2332 739 2416 silio,
776 2336 813 2396 ut
846 2332 976 2419 scribis,
1008 2335 1041 2397 et
1076 2353 1181 2418 urguo.
1257 2403 1258 2408 η

168 2422 263 2488 illam
286 2422 371 2485 diem
397 2421 538 2506 negabat
556 2442 626 2484 esse
643 2442 754 2485 mense
772 2419 869 2504 Maio,
892 2420 989 2487 istem
1007 2443 1075 2485 non
1094 2441 1182 2504 nego·
1257 2409 1258 2488 i

168 2510 234 2574 bat.
281 2508 344 2574 Sed
370 2511 407 2572 tu
434 2513 471 2572 ut
499 2509 608 2573 omnia
634 2508 719 2572 istuo
746 2517 875 2593 quoq'ue
905 2529 981 2593 ages
994 2509 1180 2594 'diligentes
1257 2515 1258 2520 ’

169 2597 219 2662 De
251 2595 365 2680 Crispo
403 2600 435 2660 et
472 2595 613 2660 Mustela
649 2597 785 2682 scilieet,
822 2619 921 2680 quom
959 2596 1038 2680 qnid
1074 2596 1180 2681 egeris.
1257 2591 1258 2656 ἶ

134 2685 330 2762 oouoniam
358 2683 398 2747 ad
420 2684 516 2748 Bruti
544 2685 716 2749 adventum
743 2686 813 2748 fore
840 2689 874 2749 te
900 2684 1071 2749 nobiscum
1094 2684 1209 2768 polii-s

169 2775 260 2858 ceris,
284 2772 362 2837 satis
387 2776 445 2858 est,
467 2773 656 2855 praesertim
679 2795 752 2837 oum
775 2771 811 2836 hi
833 2772 896 2837 tibi
919 2771 987 2837 dies
1010 2773 1046 2837 in
1068 2793 1179 2857 magno
1257 2771 1258 2816 ἒ

167 2866 282 2927 nostro
305 2860 437 2945 negotio
461 2865 699 2926 consumantur.
1257 2917 1258 2958 ι

1257 3045 1258 3076 i

649 3034 706 3100 VI.

262 3157 319 3213 Ser.
333 3155 453 3212 Aotwroc
471 3155 539 3212 med.
554 3173 588 3210 m.
604 3156 703 3224 Mart,
720 3163 753 3212 nt
770 3157 887 3224 videtin,
906 3175 932 3213 a.
948 3161 1005 3213 709
1025 3159 1094 3225 (45).

474 3277 619 3334 CICERO
636 3279 783 3333 ATTICO
801 3279 884 3335 SAL.
1187 3287 1208 3327 oo

135 3405 148 3450 1
237 3386 286 3450 De
314 3407 415 3470 aquae
442 3386 541 3450 ductu
563 3386 665 3469 probe
687 3387 800 3451 fecisti.
847 3387 1092 3452 Columnsrium
1114 3386 1176 3451 vide

170 3495 210 3536 ne
236 3474 363 3539 nulium
386 3473 571 3557 debeamns3
604 3494 798 3557 quamquam
820 3475 903 3538 mihi
926 3475 1037 3540 videor
1060 3475 1175 3539 audisse
