2568 3888
257 185 519 241 EPIsrULARUM
537 186 587 240 AD
608 186 771 241 ATTIOUM
790 187 802 239 I
822 192 934 242 14-16.
1065 188 1106 254 19

81 329 185 393 laudis
220 329 404 393 avidissimi
440 351 565 415 semper
600 330 721 394 fuimus
754 332 786 394 et
822 334 950 414 praeter
983 335 1106 396 ceteros

82 417 284 501 φιλέλληνες
315 421 348 480 θλ
377 439 487 482 sumus
518 421 550 481 θλ
579 417 737 482 habemur
766 421 798 481 et
828 418 1005 482 multorum
1034 419 1106 483 odia

82 510 180 589 atque
203 505 396 569 inimicitias
419 507 467 570 rei
489 506 638 589 publicae
661 527 756 570 causa
780 505 990 593 suscepimus,
1013 507 1107 572 ‘nuv-

81 599 175 677 τοίης
204 593 325 678 ἀρετῆς
353 594 550 677 μιμνήσκεο’
574 615 726 680 curaque,
754 594 857 679 effice,
879 597 917 657 ut
941 595 980 658 ab
1006 595 1106 659 omui-

51 682 143 749 5bus
168 684 202 747 et
224 681 395 745 laudemur
418 685 451 745 et
473 704 623 746 amemur.
669 682 732 745 His
760 683 799 746 de
826 682 922 746 rebus
949 683 1044 766 plura
1067 684 1141 747 1111
1270 701 1271 704 ’

80 775 114 834 λθ
137 770 174 834 in
199 792 238 834 ea
256 770 397 854 epistula
415 770 564 855 scribam,
588 792 685 854 quam
703 770 768 853 ipsi
786 769 908 846 Quinto
928 771 1019 835 dabo
1057 771 1107 835 Tu

80 881 134 922 me
164 858 266 922 velim
298 857 468 922 certiorem
499 859 612 942 facias,
649 858 728 941 quid
760 859 798 922 de
834 859 914 922 meis
946 860 1106 924 mandatis

81 946 190 1030 egeris
228 949 327 1029 atque
366 946 465 1010 etiam
499 947 578 1030 quid
608 946 646 1010 de
680 949 738 1010 tuo
771 947 917 1031 negoti03
948 970 1038 1034 nam,
1069 951 1107 1011 ut

80 1033 260 1098 Brundisio
285 1035 451 1117 profectus
474 1056 522 1120 es,
549 1035 657 1097 nullae
683 1034 765 1098 mihi
793 1035 849 1098 abs
877 1038 910 1098 λθ
939 1040 1015 1100 sunt
1038 1037 1107 1100 red-

40 1151 67 1188 ιο
81 1122 338 1274 ffipeffllittcrae.
384 1120 487 1186 Valde
515 1143 593 1187 aveo
625 1122 719 1206 scire,
750 1123 827 1205 quid
858 1143 942 1208 agas.
993 1123 1106 1188 Idibus
1183 1133 1185 1135 ’

198 1232 222 1276 1.

553 1384 640 1449 XVI.

320 1506 377 1562 Sor.
397 1505 553 1560 Romarm.
575 1505 667 1574 Quint.
688 1523 712 1560 11,
734 1510 788 1560 693
808 1510 877 1574 (61).

410 1627 538 1682 CICERO
555 1627 688 1683 ATTICO
708 1629 782 1684 SAL.

43 1767 67 1806 rs
151 1736 288 1812 Quaeris
309 1758 348 1800 ex
367 1758 426 1820 me,
451 1737 528 1819 quid
547 1737 695 1801 acciderit
714 1737 752 1802 de
775 1737 903 1824 iudicio,
927 1738 1013 1822 quod
1035 1742 1104 1802 tam
1124 1755 1137 1803 1

81 1829 213 1909 praeter
241 1825 429 1908 opinionem
460 1825 604 1888 omnium
632 1825 756 1892 factum
786 1827 842 1912 sit,
872 1829 905 1890 et
936 1826 1032 1890 simul
1054 1827 1104 1890 vis

82 1914 181 2000 scire,
208 1935 274 1997 quo
299 1912 395 1976 modo
420 1933 480 1997 ego
503 1913 625 1999 minus,
650 1936 746 1998 quam
770 1914 904 1998 soleam,
926 1914 1104 1998 proeliatus

83 2002 154 2065 sim.
205 2000 422 2085 Respondebo
457 2000 519 2066 tibi
548 2001 691 2085 ὕστερὸν
720 2004 884 2087 πρότερον
905 2001 1103 2086 Ὁμηρικῶς.

82 2090 158 2174 Ego
189 2090 290 2175 enim,
321 2111 419 2172 quam
449 2089 505 2152 diu
534 2093 664 2154 senatus
693 2090 869 2154 auotoritas
892 2090 973 2154 mihi
997 2091 1104 2155 defen-

44 2208 69 2245 11
83 2177 188 2242 denda
210 2177 289 2261 fuit,
317 2177 363 2240 sic
388 2176 504 2240 acriter
530 2181 563 2240 et
586 2177 793 2242 vehementer
820 2179 998 2263 proeliatus
1022 2201 1103 2264 sum,

83 2270 120 2330 ut
135 2265 260 2330 clamor
279 2286 516 2348 concursusque
534 2266 675 2329 maxima
693 2287 766 2332 oum
783 2289 854 2330 mea
871 2267 965 2331 laude
978 2267 1101 2332 fierent.

84 2352 208 2428 Quodsi
237 2353 301 2416 tibi
330 2375 484 2436 umquam
513 2375 585 2418 sum
607 2355 697 2418 visus
726 2355 761 2418 in
788 2377 823 2419 re
845 2355 975 2438 publica
997 2356 1103 2440 fortis,

82 2445 170 2506 certe
200 2463 255 2505 me
283 2441 319 2504 in
348 2441 404 2504 illa
434 2463 530 2505 causa
560 2441 736 2506 admiratus
766 2464 861 2507 esses.
908 2441 990 2507 Cum
1017 2443 1104 2507 enim

82 2530 139 2595 illc
162 2529 205 2592 111
227 2529 395 2594 contiones
419 2529 618 2614 confugisset
639 2529 675 2593 in
697 2530 802 2614 iisque
820 2553 891 2595 meo
915 2531 1044 2596 nomine
1063 2532 1104 2595 111

47 2647 70 2686 2⁵
83 2617 241 2682 invidiam
274 2620 432 2700 uteretur,
466 2617 499 2680 di
527 2617 740 2682 immortales!
773 2641 853 2702 quas
886 2640 946 2704 ego
976 2640 1102 2704 pugnas

84 2710 116 2770 et
148 2708 289 2789 quantas
321 2709 445 2789 strages
477 2704 574 2770 edidit
605 2727 685 2789 quos
713 2707 854 2790 impetus
885 2708 920 2771 in
942 2707 1103 2793 Pisonem,

82 2794 117 2858 in
141 2792 332 2878 Curionem,
361 2793 396 2856 in
418 2796 522 2857 totam
545 2793 635 2857 illam
658 2816 788 2858 manum
812 2795 887 2860 feci!
918 2817 982 2879 quo
1005 2797 1102 2860 modo

83 2904 156 2946 sum
179 2882 360 2946 insectatus
382 2881 548 2945 levitatem
571 2904 697 2965 senum,
719 2883 888 2948 libidinem
910 2884 1102 2948 iuventutis!

84 2969 196 3054 Saepe,
220 2969 268 3033 ita
290 2991 342 3032 me
365 2968 398 3034 di
421 2969 546 3034 iuvent!
569 2973 602 3034 te
624 2992 691 3034 non
715 2971 820 3035 solum
844 2975 1007 3036 auctorem
1030 2994 1102 3037 con-

46 3087 71 3124 11
85 3058 233 3122 ciliorum
255 3078 410 3141 meorum,
433 3058 661 3122 verumetiam
685 3063 898 3141 spectatorem
921 3081 1103 3146 pugnarum

84 3146 296 3210 mirificarum
319 3145 504 3209 desideravi.
549 3144 668 3210 Postea
689 3169 765 3211 vero
791 3170 887 3230 quam
906 3148 1102 3213 Hortensius
1121 3165 1136 3212 a

85 3234 297 3318 excogitavit,
320 3237 357 3296 ut
379 3233 483 3317 legem
507 3232 545 3296 de
572 3235 728 3319 religione
750 3234 862 3299 Fufius
886 3237 1035 3301 tribunus
1059 3238 1102 3321 pl.

84 3323 191 3407 ferret,
214 3322 249 3385 in
273 3343 338 3404 qua
359 3321 443 3384 nihil
465 3320 553 3384 aliud
572 3345 590 3385 a
608 3324 770 3387 consulari
792 3325 960 3408 rogatione
980 3325 1103 3389 differe-

85 3411 140 3475 bat
169 3410 236 3474 nisi
265 3409 407 3473 iudicum
438 3429 539 3494 genus
564 3407 611 3497 (in
642 3432 680 3474 eo
712 3415 819 3474 autem
850 3417 940 3476 erant
971 3410 1102 3497 omnia),
1225 3471 1230 3484 ,

49 3525 72 3564 11
85 3499 323 3584 pugnavitque,
352 3500 389 3560 ut
412 3498 458 3561 ita
481 3498 585 3582 fieret,
616 3499 702 3581 quod
733 3503 765 3562 et
789 3499 852 3562 sibi
880 3504 912 3563 θλ
936 3500 1009 3563 aliis
1032 3521 1101 3580 per-

904 3601 940 3652 2*
