2560 3880
180 179 245 243 536
508 179 545 234 M.
565 178 672 232 TULLI
691 176 882 232 CICERONIS

181 343 339 386 summam
368 326 439 387 tum
470 321 509 386 ad
536 321 675 407 gloriam
703 325 735 384 et
763 320 955 406 dignitatem
982 322 1074 383 tuam
1102 315 1187 380 rehe

180 414 305 474 menter
332 411 472 492 pertinet
494 414 542 494 te,
564 413 601 473 ut
624 413 698 473 ante
722 409 848 493 scripsi,
875 408 911 471 in
932 407 1062 471 Italiam
1085 405 1187 469 venire
1267 441 1268 474 f

182 519 278 580 quam
307 499 455 580 primum.
501 498 587 582 Eget
618 498 703 562 enim
732 496 936 561 vehementer
967 517 1041 560 cum
1068 493 1185 558 viribus

145 602 161 650 3
180 587 246 650 tuis
270 591 341 650 tum
364 587 461 651 etiam
480 585 614 650 oonsilio
633 607 684 648 res
703 585 839 669 publice.
876 583 1027 647 Veterem
1046 603 1103 664 pro
1122 581 1185 644 eius
1267 617 1268 694 g

181 694 257 758 erga
288 677 321 737 tc
352 674 576 739 benevolentia
608 673 827 757 singularique
855 671 960 737 officio
987 671 1126 734 libenter
1151 689 1217 731 exa
1267 743 1268 748 γ

180 764 246 825 tuis
276 761 395 826 litteris
423 762 608 845 complexus
632 783 704 826 sum
727 781 862 844 eumque
885 781 958 824 curn
980 759 1029 823 tui
1054 762 1122 821 tum
1142 756 1185 818 rei
1267 763 1268 798 ³

180 849 326 932 publicae
370 850 645 914 studiosissimum
685 848 1008 931 amantissimumque
1048 845 1184 930 cognovi.

181 934 366 1001 Ciceronem
395 959 501 1002 meum
524 958 624 1020 prope
647 937 744 1021 diem,
771 941 809 1001 ut
833 957 939 1022 sper0,
966 935 1089 1000 videbo.
1133 931 1185 995 're-

180 1046 252 1088 cum
276 1025 362 1088 enim
384 1025 477 1090 illuni
501 1029 533 1089 et
556 1029 589 1089 te
612 1025 648 1089 in
668 1024 798 1090 Italiam
821 1024 967 1089 celeriter
990 1044 1059 1087 esse
1081 1024 1185 1086 rentu-

180 1135 252 1176 rum
275 1112 409 1177 confido.
1196 1131 1217 1169 n

643 1289 730 1354 XIII.

398 1409 455 1464 Sor.
470 1411 502 1464 in
520 1411 618 1465 castris
636 1411 673 1464 K.
691 1369 978 1479 Quint.a.711(d3).

474 1532 617 1611 BRUTUS
637 1529 806 1586 CICERONI
825 1531 899 1587 SAL.

146 1656 160 1703 1
246 1637 296 1702 De
322 1637 365 1702 M.
389 1637 511 1722 Lepido
539 1640 643 1704 vereri
668 1662 721 1704 me
749 1639 836 1724 cogit
863 1639 1061 1721 reliquorum
1086 1639 1186 1702 timor.
1267 1635 1268 1638 ’

181 1725 243 1801 Qui
271 1727 299 1790 si
330 1727 483 1810 eripuerit
515 1748 549 1791 se
576 1727 688 1813 nobis,
720 1728 807 1810 quod
834 1727 931 1791 velim
953 1731 1075 1792 temere
1098 1729 1217 1809 atqueu
1267 1777 1268 1824 1

181 1815 335 1878 iniuriose
358 1814 396 1878 de
419 1814 476 1878 illo
501 1816 656 1898 suspicati
679 1815 745 1878 sint
766 1814 923 1899 homines,
946 1835 1003 1878 oro
1024 1818 1121 1897 atque
1139 1813 1187 1877 ob-

182 1923 270 1966 secro
300 1907 345 1985 te,
374 1901 499 1987 Cicero,
526 1903 793 1967 necessitudinem
814 1907 960 1966 nostram
983 1906 1137 1985 tuamque
1156 1901 1188 1963 in

181 2011 232 2054 me
255 1989 511 2054 benevolentiam
530 1991 705 2073 obtestans,
729 1991 849 2054 sororis
868 2011 957 2054 meae
974 1990 1095 2054 liberos
1114 1989 1188 2054 obli·

181 2078 314 2142 viscaris
347 2100 415 2142 esse
437 2077 551 2161 Lepidi
577 2079 663 2143 filios
691 2100 804 2162 meque
832 2079 873 2142 iis
904 2079 939 2142 in
961 2079 1064 2161 patris
1086 2077 1189 2142 locum

183 2166 372 2230 successisse
396 2167 568 2231 existimes.
609 2165 680 2231 Hoc
704 2167 732 2230 si
755 2189 774 2230 c
796 2170 829 2230 te
851 2167 1000 2251 impetro,
1021 2166 1106 2230 nihil
1122 2186 1219 2249 pron

181 2254 266 2317 fecto
289 2254 453 2318 dubitabis
476 2277 534 2336 pro
558 2255 599 2318 iis
623 2255 790 2338 suscipere.
826 2253 933 2318 Aliter
956 2254 1013 2318 alii
1036 2276 1109 2318 curn
1128 2254 1188 2318 ruis

182 2343 308 2426 vivunt3
338 2341 421 2405 nihil
450 2363 510 2426 ego
538 2364 671 2426 possum
697 2343 733 2406 in
760 2343 880 2406 sororis
903 2363 992 2406 meae
1014 2343 1127 2406 liberis
1149 2341 1190 2406 fa

183 2451 266 2513 cere,
298 2451 362 2511 quo
394 2431 498 2514 possit
530 2431 651 2513 expleri
680 2432 831 2495 voluntas
860 2451 932 2495 mea
959 2434 1015 2494 aut
1043 2431 1189 2494 officium.

183 2515 266 2591 Quid
292 2538 368 2580 vero
397 2522 454 2581 aut
480 2517 561 2582 mihi
589 2519 732 2582 tribuere
759 2519 837 2583 boni
863 2523 1015 2603 possunt,
1042 2519 1071 2582 si
1097 2518 1190 2583 modo

182 2603 272 2687 digni
295 2625 420 2689 sumus,
447 2605 565 2688 quibus
588 2606 709 2691 aliquid
732 2607 904 2690 tribuatur,
934 2610 991 2670 aut
1014 2627 1074 2691 ego
1099 2605 1221 2670 matria

183 2713 219 2755 ac
242 2691 347 2755 sorori
368 2695 541 2778 puerisque
563 2693 629 2757 illis
650 2699 871 2777 praestaturus
892 2717 973 2778 sum,
996 2695 1024 2757 si
1042 2694 1126 2758 nihil
1143 2716 1191 2758 va-

182 2778 280 2842 luerit
312 2780 396 2862 apud
427 2786 460 2844 te
492 2782 715 2866 reliquumque
747 2787 893 2847 senatum
924 2785 1037 2846 contra
1069 2787 1192 2865 patrem

148 2884 163 2930 a
183 2865 340 2950 Lepidum
361 2867 483 2932 Brutus
507 2870 702 2934 avunculus?
736 2869 881 2936 Scribere
903 2870 1007 2934 multa
1029 2870 1069 2934 ad
1093 2875 1127 2934 te
1144 2892 1193 2934 ne·

185 2976 247 3038 que
273 2977 406 3038 possum
433 2979 508 3038 pree
531 2958 746 3023 sollicitudine
769 2980 806 3023 eo
828 2957 994 3022 stomacho
1017 2980 1124 3042 neque
1147 2960 1193 3022 de

184 3042 253 3106 beo.
298 3040 398 3129 Nam,
430 3044 459 3106 si
485 3044 520 3107 in
546 3050 638 3109 tanta
664 3068 699 3110 re
728 3051 859 3130 tamque
885 3047 1065 3110 necessaria
1088 3047 1224 3111 verbiso

184 3130 265 3193 mihi
303 3152 383 3214 opus
416 3134 466 3194 est
498 3132 539 3196 ad
570 3137 603 3196 te
634 3135 836 3198 excitandum
868 3138 900 3198 et
931 3134 1194 3218 confirmandum,

184 3218 274 3280 nullo
298 3240 371 3300 spes
395 3222 444 3282 est
466 3218 628 3284 facturum
651 3225 698 3307 te,
722 3224 808 3305 quod
830 3221 915 3308 vo10,
938 3226 970 3286 ct
994 3223 1081 3304 quod
1105 3245 1194 3308 opor·

183 3306 239 3367 tet.
285 3303 389 3380 Quare
411 3305 479 3370 noli
503 3312 686 3391 exspectare
707 3309 822 3394 longas
845 3331 968 3393 preces3
996 3310 1125 3375 intuere
1147 3333 1195 3375 rna

184 3390 305 3476 ipsum,
338 3393 394 3476 qui
417 3393 479 3458 hoo
502 3416 521 3457 a
543 3398 589 3480 te,
621 3397 673 3459 vel
695 3419 714 3459 a
737 3394 903 3480 Cicerone,
932 3398 1194 3464 coniunctissimo
1267 3411 1268 3418 ’

184 3475 323 3567 homine,
349 3481 500 3564 privatim
524 3483 575 3546 vel
598 3505 616 3546 a
640 3485 800 3547 consulari
822 3485 882 3548 tali
904 3485 973 3550 viro
997 3491 1124 3550 remota
1146 3505 1226 3550 nea
