<?xml version="1.0" encoding="UTF-8"?>
<!DOCTYPE html PUBLIC "-//W3C//DTD XHTML 1.0 Transitional//EN"
    "http://www.w3.org/TR/xhtml1/DTD/xhtml1-transitional.dtd">
<html xmlns="http://www.w3.org/1999/xhtml" xml:lang="en" lang="en">
 <head>
  <title>
</title>
<meta http-equiv="Content-Type" content="text/html;charset=utf-8" />
  <meta name='ocr-system' content='tesseract 3.04.00' />
  <meta name='ocr-capabilities' content='ocr_page ocr_carea ocr_par ocr_line ocrx_word'/>
</head>
<body>
  <div class='ocr_page' id='page_1' title='image "./scriptaquaemans00mullgoog_0300.png"; bbox 0 0 2586 3886; ppageno 0'>
   <div class='ocr_carea' id='block_1_1' title="bbox 271 159 1110 228">
    <p class='ocr_par' dir='ltr' id='par_1_1' title="bbox 271 159 1110 228">
     <span class='ocr_line' id='line_1_1' title="bbox 271 159 1110 228; baseline 0.014 -14"><span class='ocrx_word' id='word_1_1' title='bbox 271 159 532 215; x_wconf 81' lang='lat' dir='ltr'><strong>EPISTULARUM</strong></span> <span class='ocrx_word' id='word_1_2' title='bbox 549 160 599 215; x_wconf 89' lang='lat' dir='ltr'>AD</span> <span class='ocrx_word' id='word_1_3' title='bbox 618 160 783 215; x_wconf 83' lang='lat' dir='ltr'>ATTICUM</span> <span class='ocrx_word' id='word_1_4' title='bbox 801 160 827 215; x_wconf 92' lang='lat' dir='ltr'>V</span> <span class='ocrx_word' id='word_1_5' title='bbox 845 167 924 217; x_wconf 79' lang='lat'><strong>4-8.</strong></span> <span class='ocrx_word' id='word_1_6' title='bbox 1046 163 1110 228; x_wconf 85' lang='lat'>135</span> 
     </span>
    </p>
   </div>
   <div class='ocr_carea' id='block_1_2' title="bbox 18 303 1143 1802">
    <p class='ocr_par' dir='ltr' id='par_1_2' title="bbox 77 303 1110 391">
     <span class='ocr_line' id='line_1_2' title="bbox 77 303 1110 391; baseline 0.004 -23"><span class='ocrx_word' id='word_1_7' title='bbox 77 304 151 370; x_wconf 88' lang='lat' dir='ltr'>dies</span> <span class='ocrx_word' id='word_1_8' title='bbox 178 325 249 390; x_wconf 90' lang='lat' dir='ltr'>eos,</span> <span class='ocrx_word' id='word_1_9' title='bbox 278 303 385 387; x_wconf 90' lang='lat' dir='ltr'>quoad</span> <span class='ocrx_word' id='word_1_10' title='bbox 406 304 461 369; x_wconf 93' lang='lat' dir='ltr'>ille</span> <span class='ocrx_word' id='word_1_11' title='bbox 483 305 623 391; x_wconf 82' lang='lat' dir='ltr'>reniret,</span> <span class='ocrx_word' id='word_1_12' title='bbox 650 326 723 369; x_wconf 89' lang='lat' dir='ltr'>cunr</span> <span class='ocrx_word' id='word_1_13' title='bbox 745 303 899 387; x_wconf 91' lang='lat' dir='ltr'>Pompeio</span> <span class='ocrx_word' id='word_1_14' title='bbox 924 326 1110 372; x_wconf 79' lang='lat' dir='ltr'>consumere</span> 
     </span>
    </p>

    <p class='ocr_par' dir='ltr' id='par_1_3' title="bbox 18 357 1110 654">
     <span class='ocr_line' id='line_1_3' title="bbox 18 357 1110 479; baseline 0.004 -23"><span class='ocrx_word' id='word_1_15' title='bbox 18 389 19 450; x_wconf 81' lang='lat' dir='ltr'>l</span> <span class='ocrx_word' id='word_1_16' title='bbox 78 414 191 476; x_wconf 88' lang='lat' dir='ltr'>eoque</span> <span class='ocrx_word' id='word_1_17' title='bbox 219 393 340 478; x_wconf 82' lang='lat' dir='ltr'>magis,</span> <span class='ocrx_word' id='word_1_18' title='bbox 372 392 459 476; x_wconf 90' lang='lat' dir='ltr'>quod</span> <span class='ocrx_word' id='word_1_19' title='bbox 486 394 516 456; x_wconf 90' lang='lat' dir='ltr'>ei</span> <span class='ocrx_word' id='word_1_20' title='bbox 543 357 673 478; x_wconf 73' lang='lat' dir='ltr'>grattrm</span> <span class='ocrx_word' id='word_1_21' title='bbox 701 415 771 457; x_wconf 88' lang='lat' dir='ltr'>esse</span> <span class='ocrx_word' id='word_1_22' title='bbox 798 393 833 457; x_wconf 95' lang='lat' dir='ltr'>id</span> <span class='ocrx_word' id='word_1_23' title='bbox 859 392 1020 478; x_wconf 79' lang='lat' dir='ltr'><strong>videbam,</strong></span> <span class='ocrx_word' id='word_1_24' title='bbox 1053 397 1110 479; x_wconf 91' lang='lat' dir='ltr'>qui</span> 
     </span>
     <span class='ocr_line' id='line_1_4' title="bbox 80 481 1109 564; baseline 0.003 -20"><span class='ocrx_word' id='word_1_25' title='bbox 80 481 190 546; x_wconf 87' lang='lat' dir='ltr'>etiam</span> <span class='ocrx_word' id='word_1_26' title='bbox 209 503 229 546; x_wconf 91' lang='lat' dir='ltr'>a</span> <span class='ocrx_word' id='word_1_27' title='bbox 248 501 300 545; x_wconf 93' lang='lat' dir='ltr'>me</span> <span class='ocrx_word' id='word_1_28' title='bbox 318 481 458 564; x_wconf 88' lang='lat' dir='ltr'>petierit,</span> <span class='ocrx_word' id='word_1_29' title='bbox 476 485 514 545; x_wconf 90' lang='lat' dir='ltr'>ut</span> <span class='ocrx_word' id='word_1_30' title='bbox 533 503 641 546; x_wconf 87' lang='lat' dir='ltr'>seeum</span> <span class='ocrx_word' id='word_1_31' title='bbox 660 484 693 545; x_wconf 91' lang='lat' dir='ltr'>et</span> <span class='ocrx_word' id='word_1_32' title='bbox 713 481 798 564; x_wconf 90' lang='lat' dir='ltr'>apud</span> <span class='ocrx_word' id='word_1_33' title='bbox 817 503 850 545; x_wconf 91' lang='lat' dir='ltr'>se</span> <span class='ocrx_word' id='word_1_34' title='bbox 864 503 968 546; x_wconf 90' lang='lat' dir='ltr'>essem</span> <span class='ocrx_word' id='word_1_35' title='bbox 983 486 1036 546; x_wconf 88' lang='lat' dir='ltr'>cot</span> <span class='ocrx_word' id='word_1_36' title='bbox 1022 482 1109 548; x_wconf 88' lang='lat' dir='ltr'>tidie.</span> 
     </span>
     <span class='ocr_line' id='line_1_5' title="bbox 82 568 1108 654; baseline 0.002 -20"><span class='ocrx_word' id='word_1_37' title='bbox 82 568 184 644; x_wconf 83' lang='lat' dir='ltr'>Quod</span> <span class='ocrx_word' id='word_1_38' title='bbox 212 569 355 634; x_wconf 80' lang='lat' dir='ltr'>concessi</span> <span class='ocrx_word' id='word_1_39' title='bbox 382 569 485 634; x_wconf 90' lang='lat' dir='ltr'>libent</span> <span class='ocrx_word' id='word_1_40' title='bbox 471 573 528 634; x_wconf 88' lang='lat' dir='ltr'>t.er</span> <span class='ocrx_word' id='word_1_41' title='bbox 574 569 660 634; x_wconf 84' lang='lat' dir='ltr'>Mult</span> <span class='ocrx_word' id='word_1_42' title='bbox 646 574 698 634; x_wconf 84' lang='lat' dir='ltr'>tos</span> <span class='ocrx_word' id='word_1_43' title='bbox 727 569 812 634; x_wconf 91' lang='lat' dir='ltr'>enim</span> <span class='ocrx_word' id='word_1_44' title='bbox 835 569 903 634; x_wconf 90' lang='lat' dir='ltr'>eius</span> <span class='ocrx_word' id='word_1_45' title='bbox 926 571 1108 654; x_wconf 85' lang='lat' dir='ltr'>praeclaros</span> 
     </span>
    </p>

    <p class='ocr_par' dir='ltr' id='par_1_4' title="bbox 56 657 1108 830">
     <span class='ocr_line' id='line_1_6' title="bbox 56 657 1108 743; baseline 0 -20"><span class='ocrx_word' id='word_1_46' title='bbox 56 658 124 723; x_wconf 78' lang='lat' dir='ltr'>ade</span> <span class='ocrx_word' id='word_1_47' title='bbox 148 657 341 741; x_wconf 90' lang='lat' dir='ltr'>republica</span> <span class='ocrx_word' id='word_1_48' title='bbox 365 679 527 722; x_wconf 88' lang='lat' dir='ltr'>sermones</span> <span class='ocrx_word' id='word_1_49' title='bbox 551 659 719 743; x_wconf 88' lang='lat' dir='ltr'>accipiam,</span> <span class='ocrx_word' id='word_1_50' title='bbox 749 659 892 723; x_wconf 91' lang='lat' dir='ltr'>instruar</span> <span class='ocrx_word' id='word_1_51' title='bbox 915 659 1013 724; x_wconf 86' lang='lat' dir='ltr'>etiam</span> <span class='ocrx_word' id='word_1_52' title='bbox 1035 681 1108 724; x_wconf 88' lang='lat' dir='ltr'>con-</span> 
     </span>
     <span class='ocr_line' id='line_1_7' title="bbox 84 735 843 830; baseline 0.001 -20"><span class='ocrx_word' id='word_1_53' title='bbox 84 746 175 810; x_wconf 87' lang='lat' dir='ltr'>siliis</span> <span class='ocrx_word' id='word_1_54' title='bbox 199 746 325 810; x_wconf 89' lang='lat' dir='ltr'>idoneis</span> <span class='ocrx_word' id='word_1_55' title='bbox 348 745 389 810; x_wconf 86' lang='lat' dir='ltr'>ad</span> <span class='ocrx_word' id='word_1_56' title='bbox 410 735 473 810; x_wconf 89' lang='lat' dir='ltr'>hoc</span> <span class='ocrx_word' id='word_1_57' title='bbox 494 749 645 810; x_wconf 88' lang='lat' dir='ltr'>nostrum</span> <span class='ocrx_word' id='word_1_58' title='bbox 665 747 843 830; x_wconf 86' lang='lat' dir='ltr'>negotium.</span> 
     </span>
    </p>

    <p class='ocr_par' dir='ltr' id='par_1_5' title="bbox 85 833 1143 1096">
     <span class='ocr_line' id='line_1_8' title="bbox 157 833 1143 919; baseline 0 -20"><span class='ocrx_word' id='word_1_59' title='bbox 157 833 223 899; x_wconf 83' lang='lat' dir='ltr'>Sed</span> <span class='ocrx_word' id='word_1_60' title='bbox 254 833 359 899; x_wconf 90' lang='lat' dir='ltr'>adte</span> <span class='ocrx_word' id='word_1_61' title='bbox 385 833 552 898; x_wconf 86' lang='lat' dir='ltr'>brevior</span> <span class='ocrx_word' id='word_1_62' title='bbox 542 857 608 898; x_wconf 89' lang='lat' dir='ltr'>ram</span> <span class='ocrx_word' id='word_1_63' title='bbox 631 834 666 899; x_wconf 94' lang='lat' dir='ltr'>in</span> <span class='ocrx_word' id='word_1_64' title='bbox 693 835 897 901; x_wconf 88' lang='lat' dir='ltr'>scribendo</span> <span class='ocrx_word' id='word_1_65' title='bbox 885 835 1008 919; x_wconf 85' lang='lat' dir='ltr'>rnoipio</span> <span class='ocrx_word' id='word_1_66' title='bbox 1037 835 1143 900; x_wconf 73' lang='lat' dir='ltr'>fieris</span> 
     </span>
     <span class='ocr_line' id='line_1_9' title="bbox 85 921 1110 1008; baseline 0.002 -22"><span class='ocrx_word' id='word_1_67' title='bbox 85 922 255 1007; x_wconf 88' lang='lat' dir='ltr'>dubitans,</span> <span class='ocrx_word' id='word_1_68' title='bbox 277 921 490 987; x_wconf 79' lang='lat' dir='ltr'>Romaene</span> <span class='ocrx_word' id='word_1_69' title='bbox 464 944 509 988; x_wconf 85' lang='grc' dir='ltr'>ιιι</span> <span class='ocrx_word' id='word_1_70' title='bbox 533 945 575 988; x_wconf 90' lang='lat' dir='ltr'>an</span> <span class='ocrx_word' id='word_1_71' title='bbox 596 922 661 987; x_wconf 91' lang='lat' dir='ltr'>iam</span> <span class='ocrx_word' id='word_1_72' title='bbox 679 924 852 1006; x_wconf 85' lang='lat' dir='ltr'>profectus.</span> <span class='ocrx_word' id='word_1_73' title='bbox 889 923 982 1000; x_wconf 84' lang='lat' dir='ltr'>Quod</span> <span class='ocrx_word' id='word_1_74' title='bbox 999 927 1110 1008; x_wconf 85' lang='lat' dir='ltr'>tamen</span> 
     </span>
     <span class='ocr_line' id='line_1_10' title="bbox 86 1010 1109 1096; baseline 0.003 -22"><span class='ocrx_word' id='word_1_75' title='bbox 86 1010 201 1094; x_wconf 91' lang='lat' dir='ltr'>quoad</span> <span class='ocrx_word' id='word_1_76' title='bbox 233 1010 405 1096; x_wconf 79' lang='lat' dir='ltr'>ignorabo,</span> <span class='ocrx_word' id='word_1_77' title='bbox 438 1011 577 1076; x_wconf 89' lang='lat' dir='ltr'>scribam</span> <span class='ocrx_word' id='word_1_78' title='bbox 611 1011 734 1095; x_wconf 88' lang='lat' dir='ltr'>aliquid</span> <span class='ocrx_word' id='word_1_79' title='bbox 760 1013 870 1096; x_wconf 90' lang='lat' dir='ltr'>potius</span> <span class='ocrx_word' id='word_1_80' title='bbox 899 1034 997 1096; x_wconf 90' lang='lat' dir='ltr'>quam</span> <span class='ocrx_word' id='word_1_81' title='bbox 1025 1034 1109 1077; x_wconf 91' lang='lat' dir='ltr'>com-</span> 
     </span>
    </p>

    <p class='ocr_par' dir='ltr' id='par_1_6' title="bbox 50 1099 1110 1538">
     <span class='ocr_line' id='line_1_11' title="bbox 50 1099 1110 1184; baseline -0.001 -19"><span class='ocrx_word' id='word_1_82' title='bbox 50 1127 73 1165; x_wconf 87' lang='grc' dir='ltr'>ιι</span> <span class='ocrx_word' id='word_1_83' title='bbox 85 1100 232 1182; x_wconf 88' lang='lat' dir='ltr'>mittam,</span> <span class='ocrx_word' id='word_1_84' title='bbox 255 1102 300 1182; x_wconf 91' lang='lat' dir='ltr'>ut,</span> <span class='ocrx_word' id='word_1_85' title='bbox 323 1099 387 1163; x_wconf 91' lang='lat' dir='ltr'>tibi</span> <span class='ocrx_word' id='word_1_86' title='bbox 410 1121 484 1163; x_wconf 93' lang='lat' dir='ltr'>cum</span> <span class='ocrx_word' id='word_1_87' title='bbox 505 1099 633 1183; x_wconf 88' lang='lat' dir='ltr'>possint</span> <span class='ocrx_word' id='word_1_88' title='bbox 655 1099 747 1163; x_wconf 87' lang='lat' dir='ltr'>reddi</span> <span class='ocrx_word' id='word_1_89' title='bbox 770 1123 789 1164; x_wconf 91' lang='lat' dir='ltr'>a</span> <span class='ocrx_word' id='word_1_90' title='bbox 810 1122 862 1165; x_wconf 88' lang='lat' dir='ltr'>mc</span> <span class='ocrx_word' id='word_1_91' title='bbox 882 1100 1021 1184; x_wconf 91' lang='lat' dir='ltr'>litterae,</span> <span class='ocrx_word' id='word_1_92' title='bbox 1042 1122 1110 1165; x_wconf 92' lang='lat' dir='ltr'>non</span> 
     </span>
     <span class='ocr_line' id='line_1_12' title="bbox 87 1185 1109 1274; baseline 0.002 -24"><span class='ocrx_word' id='word_1_93' title='bbox 87 1188 277 1252; x_wconf 87' lang='lat' dir='ltr'>reddantur.</span> <span class='ocrx_word' id='word_1_94' title='bbox 321 1185 390 1252; x_wconf 89' lang='lat' dir='ltr'>Nec</span> <span class='ocrx_word' id='word_1_95' title='bbox 412 1190 522 1252; x_wconf 91' lang='lat' dir='ltr'>tamen</span> <span class='ocrx_word' id='word_1_96' title='bbox 543 1188 610 1252; x_wconf 88' lang='lat' dir='ltr'>iam</span> <span class='ocrx_word' id='word_1_97' title='bbox 631 1187 745 1274; x_wconf 81' lang='lat' dir='ltr'>habeo,</span> <span class='ocrx_word' id='word_1_98' title='bbox 771 1187 858 1272; x_wconf 90' lang='lat' dir='ltr'>quod</span> <span class='ocrx_word' id='word_1_99' title='bbox 881 1192 937 1252; x_wconf 90' lang='lat' dir='ltr'>aut</span> <span class='ocrx_word' id='word_1_100' title='bbox 960 1189 1109 1253; x_wconf 85' lang='lat' dir='ltr'>mandem</span> 
     </span>
     <span class='ocr_line' id='line_1_13' title="bbox 86 1275 1110 1361; baseline 0.001 -21"><span class='ocrx_word' id='word_1_101' title='bbox 86 1277 153 1341; x_wconf 90' lang='lat' dir='ltr'>tibi</span> <span class='ocrx_word' id='word_1_102' title='bbox 178 1279 236 1340; x_wconf 91' lang='lat' dir='ltr'>aut</span> <span class='ocrx_word' id='word_1_103' title='bbox 257 1297 393 1340; x_wconf 87' lang='lat' dir='ltr'>narrem.</span> <span class='ocrx_word' id='word_1_104' title='bbox 429 1275 584 1342; x_wconf 86' lang='lat' dir='ltr'>Mandavi</span> <span class='ocrx_word' id='word_1_105' title='bbox 608 1277 729 1361; x_wconf 71' lang='lat' dir='ltr'>omnia,</span> <span class='ocrx_word' id='word_1_106' title='bbox 753 1299 834 1360; x_wconf 88' lang='lat' dir='ltr'>quae</span> <span class='ocrx_word' id='word_1_107' title='bbox 854 1276 984 1360; x_wconf 89' lang='lat' dir='ltr'>quidem</span> <span class='ocrx_word' id='word_1_108' title='bbox 1002 1281 1049 1360; x_wconf 88' lang='lat' dir='ltr'>tu,</span> <span class='ocrx_word' id='word_1_109' title='bbox 1072 1280 1110 1341; x_wconf 89' lang='lat' dir='ltr'>ut</span> 
     </span>
     <span class='ocr_line' id='line_1_14' title="bbox 86 1363 1108 1450; baseline 0.001 -21"><span class='ocrx_word' id='word_1_110' title='bbox 86 1365 269 1448; x_wconf 86' lang='lat' dir='ltr'>polliceris,</span> <span class='ocrx_word' id='word_1_111' title='bbox 300 1363 477 1429; x_wconf 80' lang='lat' dir='ltr'>exhaurias.</span> <span class='ocrx_word' id='word_1_112' title='bbox 526 1363 690 1450; x_wconf 78' lang='lat' dir='ltr'>Narrabo,</span> <span class='ocrx_word' id='word_1_113' title='bbox 722 1386 795 1430; x_wconf 90' lang='lat' dir='ltr'>cum</span> <span class='ocrx_word' id='word_1_114' title='bbox 828 1364 951 1449; x_wconf 91' lang='lat' dir='ltr'>aliquid</span> <span class='ocrx_word' id='word_1_115' title='bbox 981 1365 1108 1430; x_wconf 90' lang='lat' dir='ltr'>habebo</span> 
     </span>
     <span class='ocr_line' id='line_1_15' title="bbox 86 1451 1110 1538; baseline 0 -20"><span class='ocrx_word' id='word_1_116' title='bbox 86 1454 176 1518; x_wconf 83' lang='lat' dir='ltr'>novi.</span> <span class='ocrx_word' id='word_1_117' title='bbox 214 1451 302 1517; x_wconf 88' lang='lat' dir='ltr'>Illud</span> <span class='ocrx_word' id='word_1_118' title='bbox 323 1455 431 1517; x_wconf 89' lang='lat' dir='ltr'>tamen</span> <span class='ocrx_word' id='word_1_119' title='bbox 449 1474 516 1517; x_wconf 93' lang='lat' dir='ltr'>non</span> <span class='ocrx_word' id='word_1_120' title='bbox 534 1452 685 1536; x_wconf 88' lang='lat' dir='ltr'>desinam,</span> <span class='ocrx_word' id='word_1_121' title='bbox 709 1452 785 1516; x_wconf 93' lang='lat' dir='ltr'>dum</span> <span class='ocrx_word' id='word_1_122' title='bbox 803 1452 913 1517; x_wconf 89' lang='lat' dir='ltr'>adesse</span> <span class='ocrx_word' id='word_1_123' title='bbox 931 1458 960 1518; x_wconf 85' lang='grc' dir='ltr'>ιθ</span> <span class='ocrx_word' id='word_1_124' title='bbox 977 1454 1110 1538; x_wconf 90' lang='lat' dir='ltr'>putabo,</span> 
     </span>
    </p>

    <p class='ocr_par' dir='ltr' id='par_1_7' title="bbox 50 1539 1110 1802">
     <span class='ocr_line' id='line_1_16' title="bbox 50 1539 1110 1626; baseline -0.004 -16"><span class='ocrx_word' id='word_1_125' title='bbox 50 1569 74 1610; x_wconf 85' lang='lat'>15</span> <span class='ocrx_word' id='word_1_126' title='bbox 87 1542 127 1608; x_wconf 92' lang='lat' dir='ltr'>de</span> <span class='ocrx_word' id='word_1_127' title='bbox 156 1539 306 1606; x_wconf 76' lang='lat' dir='ltr'>Caesaris</span> <span class='ocrx_word' id='word_1_128' title='bbox 337 1541 468 1605; x_wconf 88' lang='lat' dir='ltr'>nomine</span> <span class='ocrx_word' id='word_1_129' title='bbox 499 1563 615 1626; x_wconf 86' lang='lat' dir='ltr'>rogare</span> <span class='ocrx_word' id='word_1_130' title='bbox 650 1546 688 1605; x_wconf 95' lang='grc' dir='ltr'>ιιι</span> <span class='ocrx_word' id='word_1_131' title='bbox 721 1541 903 1606; x_wconf 90' lang='lat' dir='ltr'>confectum</span> <span class='ocrx_word' id='word_1_132' title='bbox 935 1541 1110 1625; x_wconf 83' lang='lat' dir='ltr'>relinquas.</span> 
     </span>
     <span class='ocr_line' id='line_1_17' title="bbox 86 1629 1110 1713; baseline -0.002 -18"><span class='ocrx_word' id='word_1_133' title='bbox 86 1630 195 1695; x_wconf 76' lang='lat' dir='ltr'>Aside</span> <span class='ocrx_word' id='word_1_134' title='bbox 232 1632 382 1712; x_wconf 87' lang='lat' dir='ltr'>exspecto</span> <span class='ocrx_word' id='word_1_135' title='bbox 414 1633 489 1694; x_wconf 90' lang='lat' dir='ltr'>tuas</span> <span class='ocrx_word' id='word_1_136' title='bbox 520 1629 648 1694; x_wconf 87' lang='lat' dir='ltr'>litteras</span> <span class='ocrx_word' id='word_1_137' title='bbox 681 1632 714 1693; x_wconf 88' lang='lat' dir='ltr'>et</span> <span class='ocrx_word' id='word_1_138' title='bbox 745 1629 897 1713; x_wconf 88' lang='lat' dir='ltr'>maxime,</span> <span class='ocrx_word' id='word_1_139' title='bbox 934 1631 971 1693; x_wconf 93' lang='lat' dir='ltr'>ut</span> <span class='ocrx_word' id='word_1_140' title='bbox 1002 1629 1110 1694; x_wconf 92' lang='lat' dir='ltr'>norim</span> 
     </span>
     <span class='ocr_line' id='line_1_18' title="bbox 87 1717 560 1802; baseline -0.002 -19"><span class='ocrx_word' id='word_1_141' title='bbox 87 1723 220 1802; x_wconf 89' lang='lat' dir='ltr'>tempus</span> <span class='ocrx_word' id='word_1_142' title='bbox 243 1717 454 1802; x_wconf 88' lang='lat' dir='ltr'>profectionis</span> <span class='ocrx_word' id='word_1_143' title='bbox 475 1722 560 1783; x_wconf 86' lang='lat' dir='ltr'>tuae.</span> 
     </span>
    </p>
   </div>
   <div class='ocr_carea' id='block_1_3' title="bbox 285 1857 917 2030">
    <p class='ocr_par' dir='ltr' id='par_1_8' title="bbox 285 1857 917 2030">
     <span class='ocr_line' id='line_1_19' title="bbox 592 1857 665 1923; baseline 0 0"><span class='ocrx_word' id='word_1_144' title='bbox 592 1857 665 1923; x_wconf 87' lang='lat' dir='ltr'>VH.</span> 
     </span>
     <span class='ocr_line' id='line_1_20' title="bbox 285 1961 917 2030; baseline -0.003 -12"><span class='ocrx_word' id='word_1_145' title='bbox 285 1962 343 2018; x_wconf 80' lang='lat' dir='ltr'>Sor.</span> <span class='ocrx_word' id='word_1_146' title='bbox 361 1963 477 2018; x_wconf 77' lang='lat' dir='ltr'>Tarenti</span> <span class='ocrx_word' id='word_1_147' title='bbox 496 1961 582 2017; x_wconf 84' lang='lat' dir='ltr'>XHI</span> <span class='ocrx_word' id='word_1_148' title='bbox 596 1962 634 2016; x_wconf 88' lang='lat' dir='ltr'>K.</span> <span class='ocrx_word' id='word_1_149' title='bbox 649 1963 715 2016; x_wconf 71' lang='lat' dir='ltr'>Issa.</span> <span class='ocrx_word' id='word_1_150' title='bbox 730 1979 756 2016; x_wconf 85' lang='lat' dir='ltr'>c.</span> <span class='ocrx_word' id='word_1_151' title='bbox 773 1965 828 2018; x_wconf 82' lang='lat'>703</span> <span class='ocrx_word' id='word_1_152' title='bbox 848 1964 917 2030; x_wconf 86' lang='lat'><em>(51).</em></span> 
     </span>
    </p>
   </div>
   <div class='ocr_carea' id='block_1_4' title="bbox 53 2066 787 2122">
    <p class='ocr_par' dir='ltr' id='par_1_9' title="bbox 53 2066 787 2122">
     <span class='ocr_line' id='line_1_21' title="bbox 53 2066 787 2122; baseline -0.001 0"><span class='ocrx_word' id='word_1_153' title='bbox 53 2084 76 2122; x_wconf 83' lang='grc' dir='ltr'>ιο</span> <span class='ocrx_word' id='word_1_154' title='bbox 414 2066 542 2122; x_wconf 85' lang='lat' dir='ltr'>CICERO</span> <span class='ocrx_word' id='word_1_155' title='bbox 561 2066 692 2121; x_wconf 84' lang='lat' dir='ltr'><strong>ATTICO</strong></span> <span class='ocrx_word' id='word_1_156' title='bbox 712 2067 787 2122; x_wconf 79' lang='lat' dir='ltr'>SAL.</span> 
     </span>
    </p>
   </div>
   <div class='ocr_carea' id='block_1_5' title="bbox 57 2156 1112 2950">
    <p class='ocr_par' dir='ltr' id='par_1_10' title="bbox 91 2156 1111 2509">
     <span class='ocr_line' id='line_1_22' title="bbox 158 2156 1111 2243; baseline -0.001 -18"><span class='ocrx_word' id='word_1_157' title='bbox 158 2157 287 2225; x_wconf 77' lang='lat' dir='ltr'>Cotidie</span> <span class='ocrx_word' id='word_1_158' title='bbox 304 2160 357 2224; x_wconf 80' lang='lat' dir='ltr'>vel</span> <span class='ocrx_word' id='word_1_159' title='bbox 375 2159 486 2242; x_wconf 90' lang='lat' dir='ltr'>potius</span> <span class='ocrx_word' id='word_1_160' title='bbox 504 2159 543 2222; x_wconf 92' lang='lat' dir='ltr'>in</span> <span class='ocrx_word' id='word_1_161' title='bbox 558 2158 626 2223; x_wconf 89' lang='lat' dir='ltr'>dies</span> <span class='ocrx_word' id='word_1_162' title='bbox 646 2159 791 2243; x_wconf 85' lang='lat' dir='ltr'>singulos</span> <span class='ocrx_word' id='word_1_163' title='bbox 804 2156 969 2222; x_wconf 88' lang='lat' dir='ltr'>breviores</span> <span class='ocrx_word' id='word_1_164' title='bbox 982 2158 1111 2224; x_wconf 75' lang='lat' dir='ltr'>litteras</span> 
     </span>
     <span class='ocr_line' id='line_1_23' title="bbox 91 2246 1111 2332; baseline -0.003 -17"><span class='ocrx_word' id='word_1_165' title='bbox 91 2249 133 2316; x_wconf 91' lang='lat' dir='ltr'>ad</span> <span class='ocrx_word' id='word_1_166' title='bbox 154 2252 188 2313; x_wconf 87' lang='lat' dir='ltr'>te</span> <span class='ocrx_word' id='word_1_167' title='bbox 205 2247 317 2332; x_wconf 88' lang='lat' dir='ltr'>mitto;</span> <span class='ocrx_word' id='word_1_168' title='bbox 341 2247 459 2312; x_wconf 89' lang='lat' dir='ltr'>cotidie</span> <span class='ocrx_word' id='word_1_169' title='bbox 474 2248 560 2312; x_wconf 90' lang='lat' dir='ltr'>enim</span> <span class='ocrx_word' id='word_1_170' title='bbox 578 2247 683 2332; x_wconf 85' lang='lat' dir='ltr'>magis</span> <span class='ocrx_word' id='word_1_171' title='bbox 702 2246 848 2329; x_wconf 88' lang='lat' dir='ltr'>suspicor</span> <span class='ocrx_word' id='word_1_172' title='bbox 866 2249 900 2312; x_wconf 95' lang='lat' dir='ltr'>te</span> <span class='ocrx_word' id='word_1_173' title='bbox 918 2247 954 2310; x_wconf 90' lang='lat' dir='ltr'>in</span> <span class='ocrx_word' id='word_1_174' title='bbox 971 2246 1111 2330; x_wconf 80' lang='lat' dir='ltr'>Epirum</span> 
     </span>
     <span class='ocr_line' id='line_1_24' title="bbox 91 2334 1110 2420; baseline -0.002 -18"><span class='ocrx_word' id='word_1_175' title='bbox 91 2338 159 2402; x_wconf 94' lang='lat' dir='ltr'>iam</span> <span class='ocrx_word' id='word_1_176' title='bbox 188 2336 379 2420; x_wconf 84' lang='lat' dir='ltr'>profectum</span> <span class='ocrx_word' id='word_1_177' title='bbox 430 2334 493 2401; x_wconf 81' lang='lat' dir='ltr'>Sed</span> <span class='ocrx_word' id='word_1_178' title='bbox 520 2340 642 2420; x_wconf 88' lang='lat' dir='ltr'>tamen,</span> <span class='ocrx_word' id='word_1_179' title='bbox 670 2339 708 2400; x_wconf 94' lang='lat' dir='ltr'>ut</span> <span class='ocrx_word' id='word_1_180' title='bbox 735 2334 919 2400; x_wconf 90' lang='lat' dir='ltr'>mandatum</span> <span class='ocrx_word' id='word_1_181' title='bbox 950 2335 1031 2400; x_wconf 90' lang='lat' dir='ltr'>scias</span> <span class='ocrx_word' id='word_1_182' title='bbox 1058 2358 1110 2400; x_wconf 93' lang='lat' dir='ltr'>me</span> 
     </span>
     <span class='ocr_line' id='line_1_25' title="bbox 93 2422 1111 2509; baseline -0.003 -18"><span class='ocrx_word' id='word_1_183' title='bbox 93 2446 234 2509; x_wconf 88' lang='lat' dir='ltr'>curasse,</span> <span class='ocrx_word' id='word_1_184' title='bbox 262 2425 391 2507; x_wconf 87' lang='lat' dir='ltr'>quode</span> <span class='ocrx_word' id='word_1_185' title='bbox 418 2428 508 2509; x_wconf 86' lang='lat' dir='ltr'>ante,</span> <span class='ocrx_word' id='word_1_186' title='bbox 536 2423 583 2488; x_wconf 95' lang='lat' dir='ltr'>ait</span> <span class='ocrx_word' id='word_1_187' title='bbox 610 2445 643 2488; x_wconf 92' lang='lat' dir='ltr'>se</span> <span class='ocrx_word' id='word_1_188' title='bbox 670 2422 844 2508; x_wconf 89' lang='lat' dir='ltr'>Pompeius</span> <span class='ocrx_word' id='word_1_189' title='bbox 871 2423 989 2508; x_wconf 89' lang='lat' dir='ltr'>quinos</span> <span class='ocrx_word' id='word_1_190' title='bbox 1017 2446 1111 2506; x_wconf 88' lang='lat' dir='ltr'>prae-</span> 
     </span>
    </p>

    <p class='ocr_par' dir='ltr' id='par_1_11' title="bbox 57 2511 1112 2950">
     <span class='ocr_line' id='line_1_26' title="bbox 57 2511 1110 2582; baseline -0.005 -1"><span class='ocrx_word' id='word_1_191' title='bbox 57 2515 194 2582; x_wconf 72' lang='lat' dir='ltr'>refectos</span> <span class='ocrx_word' id='word_1_192' title='bbox 232 2512 413 2576; x_wconf 89' lang='lat' dir='ltr'>delaturum</span> <span class='ocrx_word' id='word_1_193' title='bbox 444 2534 547 2577; x_wconf 88' lang='lat' dir='ltr'>novos</span> <span class='ocrx_word' id='word_1_194' title='bbox 579 2511 756 2576; x_wconf 84' lang='lat' dir='ltr'>vacationis</span> <span class='ocrx_word' id='word_1_195' title='bbox 788 2511 973 2576; x_wconf 88' lang='lat' dir='ltr'>iudiciariae</span> <span class='ocrx_word' id='word_1_196' title='bbox 1006 2533 1110 2576; x_wconf 89' lang='lat' dir='ltr'>causa.</span> 
     </span>
     <span class='ocr_line' id='line_1_27' title="bbox 94 2598 1111 2687; baseline -0.003 -19"><span class='ocrx_word' id='word_1_197' title='bbox 94 2603 166 2687; x_wconf 81' lang='lat' dir='ltr'>Ego</span> <span class='ocrx_word' id='word_1_198' title='bbox 195 2623 269 2666; x_wconf 89' lang='lat' dir='ltr'>cum</span> <span class='ocrx_word' id='word_1_199' title='bbox 295 2601 440 2664; x_wconf 92' lang='lat' dir='ltr'>triduum</span> <span class='ocrx_word' id='word_1_200' title='bbox 467 2623 540 2665; x_wconf 90' lang='lat' dir='ltr'>oum</span> <span class='ocrx_word' id='word_1_201' title='bbox 569 2598 724 2684; x_wconf 90' lang='lat' dir='ltr'>Pompeio</span> <span class='ocrx_word' id='word_1_202' title='bbox 752 2603 784 2664; x_wconf 93' lang='grc' dir='ltr'>θι</span> <span class='ocrx_word' id='word_1_203' title='bbox 813 2601 898 2683; x_wconf 89' lang='lat' dir='ltr'>apud</span> <span class='ocrx_word' id='word_1_204' title='bbox 920 2599 1111 2683; x_wconf 89' lang='lat' dir='ltr'>Pompeium</span> 
     </span>
     <span class='ocr_line' id='line_1_28' title="bbox 94 2687 1110 2774; baseline 0 -20"><span class='ocrx_word' id='word_1_205' title='bbox 94 2692 235 2774; x_wconf 83' lang='lat' dir='ltr'>fuissem,</span> <span class='ocrx_word' id='word_1_206' title='bbox 258 2688 484 2772; x_wconf 88' lang='lat' dir='ltr'>proficiscebar</span> <span class='ocrx_word' id='word_1_207' title='bbox 502 2689 711 2753; x_wconf 87' lang='lat' dir='ltr'>Brundisium</span> <span class='ocrx_word' id='word_1_208' title='bbox 734 2711 761 2753; x_wconf 92' lang='lat' dir='ltr'>a.</span> <span class='ocrx_word' id='word_1_209' title='bbox 776 2688 804 2752; x_wconf 92' lang='lat' dir='ltr'>d.</span> <span class='ocrx_word' id='word_1_210' title='bbox 819 2706 883 2752; x_wconf 84' lang='lat' dir='ltr'>xm</span> <span class='ocrx_word' id='word_1_211' title='bbox 901 2689 973 2753; x_wconf 86' lang='lat' dir='ltr'>Kal</span> <span class='ocrx_word' id='word_1_212' title='bbox 992 2687 1110 2754; x_wconf 85' lang='lat' dir='ltr'>Iunias.</span> 
     </span>
     <span class='ocr_line' id='line_1_29' title="bbox 96 2777 1110 2862; baseline -0.001 -19"><span class='ocrx_word' id='word_1_213' title='bbox 96 2777 205 2843; x_wconf 84' lang='lat' dir='ltr'>Civem</span> <span class='ocrx_word' id='word_1_214' title='bbox 231 2777 325 2841; x_wconf 92' lang='lat' dir='ltr'>illum</span> <span class='ocrx_word' id='word_1_215' title='bbox 353 2778 519 2862; x_wconf 83' lang='lat' dir='ltr'>egregium</span> <span class='ocrx_word' id='word_1_216' title='bbox 542 2777 765 2861; x_wconf 91' lang='lat' dir='ltr'>relinquebam</span> <span class='ocrx_word' id='word_1_217' title='bbox 789 2781 821 2840; x_wconf 94' lang='lat' dir='ltr'>et</span> <span class='ocrx_word' id='word_1_218' title='bbox 845 2777 998 2861; x_wconf 89' lang='lat' dir='ltr'>adhaec,</span> <span class='ocrx_word' id='word_1_219' title='bbox 1028 2799 1110 2860; x_wconf 89' lang='lat' dir='ltr'>quae</span> 
     </span>
     <span class='ocr_line' id='line_1_30' title="bbox 96 2865 1112 2950; baseline -0.001 -19"><span class='ocrx_word' id='word_1_220' title='bbox 96 2867 258 2950; x_wconf 89' lang='lat' dir='ltr'>timentur,</span> <span class='ocrx_word' id='word_1_221' title='bbox 280 2866 500 2949; x_wconf 88' lang='lat' dir='ltr'>propulsanda</span> <span class='ocrx_word' id='word_1_222' title='bbox 518 2865 769 2948; x_wconf 88' lang='lat' dir='ltr'>paratissimum</span> <span class='ocrx_word' id='word_1_223' title='bbox 806 2865 892 2929; x_wconf 85' lang='lat' dir='ltr'>Tuas</span> <span class='ocrx_word' id='word_1_224' title='bbox 910 2865 1038 2929; x_wconf 89' lang='lat' dir='ltr'>litteras</span> <span class='ocrx_word' id='word_1_225' title='bbox 1058 2887 1112 2930; x_wconf 83' lang='lat' dir='ltr'>ex-</span> 
     </span>
    </p>
   </div>
   <div class='ocr_carea' id='block_1_6' title="bbox 60 2952 1112 3041">
    <p class='ocr_par' dir='ltr' id='par_1_12' title="bbox 60 2952 1112 3041">
     <span class='ocr_line' id='line_1_31' title="bbox 60 2952 1112 3041; baseline -0.002 -20"><span class='ocrx_word' id='word_1_226' title='bbox 60 2982 85 3022; x_wconf 82' lang='lat' dir='ltr'>a</span> <span class='ocrx_word' id='word_1_227' title='bbox 98 2955 261 3041; x_wconf 87' lang='lat' dir='ltr'>spectabo,</span> <span class='ocrx_word' id='word_1_228' title='bbox 289 2975 363 3018; x_wconf 87' lang='lat' dir='ltr'>cum</span> <span class='ocrx_word' id='word_1_229' title='bbox 384 2958 436 3038; x_wconf 92' lang='lat' dir='ltr'>ut,</span> <span class='ocrx_word' id='word_1_230' title='bbox 464 2953 543 3037; x_wconf 91' lang='lat' dir='ltr'>quid</span> <span class='ocrx_word' id='word_1_231' title='bbox 561 2975 652 3039; x_wconf 85' lang='lat' dir='ltr'>agas,</span> <span class='ocrx_word' id='word_1_232' title='bbox 682 2957 753 3018; x_wconf 87' lang='lat' dir='ltr'>tum</span> <span class='ocrx_word' id='word_1_233' title='bbox 775 2959 818 3037; x_wconf 81' lang='lat' dir='ltr'>ut,</span> <span class='ocrx_word' id='word_1_234' title='bbox 841 2953 900 3018; x_wconf 91' lang='lat' dir='ltr'>ubi</span> <span class='ocrx_word' id='word_1_235' title='bbox 923 2953 978 3038; x_wconf 88' lang='lat' dir='ltr'>sis,</span> <span class='ocrx_word' id='word_1_236' title='bbox 1002 2952 1112 3019; x_wconf 85' lang='lat' dir='ltr'>sciam</span> 
     </span>
    </p>
   </div>
   <div class='ocr_carea' id='block_1_7' title="bbox 203 3093 997 3268">
    <p class='ocr_par' dir='ltr' id='par_1_13' title="bbox 203 3093 997 3268">
     <span class='ocr_line' id='line_1_32' title="bbox 555 3093 645 3160; baseline 0.022 -2"><span class='ocrx_word' id='word_1_237' title='bbox 555 3093 620 3158; x_wconf 88' lang='lat' dir='ltr'>VH</span> <span class='ocrx_word' id='word_1_238' title='bbox 638 3145 645 3160; x_wconf 91' lang='lat'><strong>.</strong></span> 
     </span>
     <span class='ocr_line' id='line_1_33' title="bbox 203 3093 997 3268; baseline -0.001 -14"><span class='ocrx_word' id='word_1_239' title='bbox 203 3198 260 3254; x_wconf 83' lang='lat' dir='ltr'>Ser.</span> <span class='ocrx_word' id='word_1_240' title='bbox 276 3197 417 3253; x_wconf 74' lang='lat' dir='ltr'>Brundisi</span> <span class='ocrx_word' id='word_1_241' title='bbox 435 3198 485 3252; x_wconf 88' lang='lat' dir='ltr'>IV</span> <span class='ocrx_word' id='word_1_242' title='bbox 502 3205 552 3253; x_wconf 80' lang='lat' dir='ltr'>aut</span> <span class='ocrx_word' id='word_1_243' title='bbox 568 3093 714 3254; x_wconf 77' lang='lat' dir='ltr'>IIIINoa.</span> <span class='ocrx_word' id='word_1_244' title='bbox 729 3197 795 3253; x_wconf 80' lang='lat' dir='ltr'>Iam.</span> <span class='ocrx_word' id='word_1_245' title='bbox 810 3215 836 3254; x_wconf 91' lang='lat' dir='ltr'>a.</span> <span class='ocrx_word' id='word_1_246' title='bbox 852 3201 907 3253; x_wconf 81' lang='lat'>703</span> <span class='ocrx_word' id='word_1_247' title='bbox 928 3199 997 3268; x_wconf 86' lang='lat'><em>(51).</em></span> 
     </span>
    </p>
   </div>
   <div class='ocr_carea' id='block_1_8' title="bbox 414 3301 885 3358">
    <p class='ocr_par' dir='ltr' id='par_1_14' title="bbox 414 3301 885 3358">
     <span class='ocr_line' id='line_1_34' title="bbox 414 3301 885 3358; baseline 0.002 0"><span class='ocrx_word' id='word_1_248' title='bbox 414 3301 543 3358; x_wconf 79' lang='lat' dir='ltr'>CICERO</span> <span class='ocrx_word' id='word_1_249' title='bbox 563 3301 694 3358; x_wconf 84' lang='lat' dir='ltr'>ATTICO</span> <span class='ocrx_word' id='word_1_250' title='bbox 715 3302 789 3358; x_wconf 82' lang='lat' dir='ltr'>SAL.</span> <span class='ocrx_word' id='word_1_251' title='bbox 882 3315 885 3322; x_wconf 92' lang='lat'>&#39;</span> 
     </span>
    </p>
   </div>
   <div class='ocr_carea' id='block_1_9' title="bbox 65 3394 1144 3569">
    <p class='ocr_par' dir='ltr' id='par_1_15' title="bbox 65 3394 1144 3569">
     <span class='ocr_line' id='line_1_35' title="bbox 160 3394 1144 3479; baseline -0.003 -18"><span class='ocrx_word' id='word_1_252' title='bbox 160 3394 213 3461; x_wconf 88' lang='lat' dir='ltr'>Me</span> <span class='ocrx_word' id='word_1_253' title='bbox 235 3399 268 3460; x_wconf 91' lang='lat' dir='ltr'>et</span> <span class='ocrx_word' id='word_1_254' title='bbox 290 3394 493 3461; x_wconf 88' lang='lat' dir='ltr'>incommoda</span> <span class='ocrx_word' id='word_1_255' title='bbox 515 3395 676 3479; x_wconf 86' lang='lat' dir='ltr'>valetudo,</span> <span class='ocrx_word' id='word_1_256' title='bbox 699 3416 715 3459; x_wconf 88' lang='lat' dir='ltr'>e</span> <span class='ocrx_word' id='word_1_257' title='bbox 738 3417 802 3479; x_wconf 91' lang='lat' dir='ltr'>qua</span> <span class='ocrx_word' id='word_1_258' title='bbox 824 3395 890 3459; x_wconf 90' lang='lat' dir='ltr'>iam</span> <span class='ocrx_word' id='word_1_259' title='bbox 909 3415 1109 3477; x_wconf 87' lang='lat' dir='ltr'>emerseram,</span> <span class='ocrx_word' id='word_1_260' title='bbox 1129 3409 1144 3457; x_wconf 88' lang='lat'>1</span> 
     </span>
     <span class='ocr_line' id='line_1_36' title="bbox 65 3482 1110 3569; baseline -0.008 -17"><span class='ocrx_word' id='word_1_261' title='bbox 65 3487 207 3569; x_wconf 78' lang='lat' dir='ltr'>autpots</span> <span class='ocrx_word' id='word_1_262' title='bbox 239 3506 313 3550; x_wconf 90' lang='lat' dir='ltr'>cum</span> <span class='ocrx_word' id='word_1_263' title='bbox 342 3483 411 3548; x_wconf 93' lang='lat' dir='ltr'>sine</span> <span class='ocrx_word' id='word_1_264' title='bbox 438 3484 523 3548; x_wconf 90' lang='lat' dir='ltr'>febri</span> <span class='ocrx_word' id='word_1_265' title='bbox 550 3484 764 3566; x_wconf 88' lang='lat' dir='ltr'>laborassem,</span> <span class='ocrx_word' id='word_1_266' title='bbox 798 3486 830 3546; x_wconf 89' lang='lat' dir='ltr'>et</span> <span class='ocrx_word' id='word_1_267' title='bbox 858 3482 1026 3564; x_wconf 87' lang='lat' dir='ltr'>Pomptini</span> <span class='ocrx_word' id='word_1_268' title='bbox 1058 3504 1110 3545; x_wconf 85' lang='lat' dir='ltr'>ex-</span> 
     </span>
    </p>
   </div>
   <div class='ocr_carea' id='block_1_10' title="bbox 0 0 1298 3886">
    <p class='ocr_par' dir='ltr' id='par_1_16' title="bbox 0 0 1298 3886">
     <span class='ocr_line' id='line_1_37' title="bbox 0 0 1298 3886; baseline 0 0"><span class='ocrx_word' id='word_1_269' title='bbox 0 0 1298 3886; x_wconf 95' lang='lat' dir='ltr'> </span> 
     </span>
    </p>
   </div>
  </div>
 </body>
</html>
