2564 3880
237 155 498 210 EPISTULARUM
516 155 567 208 AD
586 157 749 211 ATTICUM
767 157 833 210 XIII
852 163 965 211 21—22.
1044 159 1110 222 409

91 300 306 370 confecerunt.
352 298 496 362 Tuorum
519 303 629 362 tamen
652 320 712 382 ego
735 299 862 363 nullum
886 299 1040 364 delictum
1064 324 1112 365 ar-

91 389 199 451 bitror
221 388 363 470 itemque
385 391 418 450 tc
441 386 516 451 volo
540 387 737 472 existimarc3
761 409 849 451 ame
867 389 954 451 enim
973 393 1112 472 praeter-

91 476 277 560 mirsumst,
312 479 350 539 ut
387 474 523 538 dicerem
555 496 606 538 mc
639 497 693 539 eos
726 475 813 539 exire
844 476 988 540 nondum
1020 478 1111 541 velle,

92 563 174 646 Hui,
205 585 301 646 quam
331 563 385 626 diu
418 562 456 625 de
489 563 599 646 nugis!
633 562 671 626 dc
705 585 739 626 re
774 563 860 628 enim
893 564 977 628 nihil
1006 565 1110 630 habeo

64 651 181 735 aquod
203 652 324 734 loquar.

159 738 209 802 De
231 737 401 803 Dolabella
423 738 485 801 tibi
508 737 679 802 adsentior.
718 736 907 822 Cohercdcs‚
930 744 968 803 ut
987 741 1110 823 acribia,
1130 758 1146 804 3
1166 759 1196 809 (ε)

93 827 128 890 in
157 827 347 891 Tusculano,
399 824 448 890 De
481 824 628 890 Caesaris
659 825 798 890 adventu
830 827 960 911 scripsit
991 829 1029 892 ad
1059 851 1110 892 mc

92 915 216 980 Balbus
233 936 300 979 non
318 918 392 978 anta
410 913 481 978 Kal.
502 912 648 978 Sextiles.
680 911 729 977 De
749 915 860 979 Attica
879 917 1009 1001 optimc,
1024 917 1111 999 quod

92 1003 195 1068 levius
224 1024 260 1066 ac
286 1002 403 1088 levius,
431 1007 463 1066 ct
491 1003 578 1085 quod
600 1002 665 1065 fert
687 1001 839 1079 εὐκόλως.
887 1003 978 1079 Quod
1002 1010 1111 1069 autem
1129 1022 1146 1067 4
1165 1024 1195 1072 u)

50 1119 78 1158 ιο
93 1092 131 1156 de
163 1091 221 1155 illa
249 1095 362 1154 nostra
388 1090 586 1174 cogitatione
614 1090 745 1176 acribia,
776 1091 811 1154 in
842 1113 905 1174 qua
934 1091 1018 1156 nihil
1046 1093 1111 1156 tibi

94 1179 184 1261 cedo,
215 1200 265 1265 aa,
295 1199 376 1262 quae
399 1178 489 1261 novi,
512 1178 605 1242 valde
627 1178 745 1262 probo,
773 1178 948 1266 hominem,
972 1180 1111 1264 domum,

93 1267 272 1331 facultates.
310 1266 402 1342 Quod
424 1271 521 1349 caput
543 1270 601 1351 cst,
623 1267 731 1349 ipsum
748 1288 816 1330 non
833 1269 919 1351 novi,
942 1268 997 1332 sed
1016 1269 1111 1332 audio

92 1355 279 1436 laudabilia,
303 1354 341 1418 de
365 1353 477 1418 Scrofa
500 1354 598 1417 etiam
620 1355 775 1436 proxime.
817 1351 959 1440 Accedit,
983 1356 1010 1420 si
1035 1357 1112 1440 quid

92 1443 154 1506 hoc
177 1443 217 1506 ad
240 1464 318 1527 rem,
345 1441 576 1524 εὐγενέστερος
599 1445 654 1505 est·
673 1442 771 1506 etiam
795 1464 892 1525 quam
915 1447 1015 1526 pater.
1053 1443 1112 1508 Co-

50 1554 163 1598 raram
185 1531 288 1614 igitur
311 1534 344 1593 et
367 1529 495 1613 quidem
518 1551 678 1613 propenso
703 1531 811 1594 animo
835 1531 875 1594 ad
898 1532 1110 1614 probandum.

92 1618 226 1682 AccedIt
244 1619 340 1704 enim,
359 1618 444 1701 quod
462 1621 597 1701 patrem,
610 1621 648 1680 ut
667 1618 747 1682 scire
767 1622 799 1681 te
817 1622 906 1703 puto,
921 1618 994 1702 plus
1014 1621 1115 1683 etiam

93 1729 192 1790 quam
219 1728 287 1770 non
312 1707 409 1769 modo
438 1712 489 1791 tu,
520 1706 576 1769 sed
599 1727 696 1788 quam
721 1706 790 1788 ipsc
815 1706 891 1792 scit,
919 1729 991 1770 amo
1016 1707 1111 1790 idque

92 1800 125 1858 et
148 1795 265 1859 merito
289 1797 321 1857 et
344 1795 409 1857 iam
432 1794 495 1856 diu.

551 1965 653 2032 XXII.

50 2105 77 2142 ao
241 2090 298 2145 Sar.
312 2091 345 2143 io
363 2089 499 2158 Arpinati
516 2089 565 2142 IV
581 2090 655 2144 Noa.
673 2089 767 2159 Quat.
783 2108 808 2143 a.
825 2094 880 2145 709
899 2094 969 2159 (45).

400 2211 545 2267 CICERO
563 2211 709 2267 ATTICO
728 2212 811 2266 SAL.

160 2319 380 2385 DeVarrone
407 2341 475 2384 non
503 2321 572 2384 sine
595 2343 690 2384 causa
714 2318 791 2403 quid
814 2320 876 2384 tibi
899 2320 1024 2403 placeat
1045 2324 1147 2385 tam1

92 2411 266 2494 diligenter
293 2409 436 2492 exquiro.
474 2405 654 2472 Occurrunt
681 2408 763 2471 mihi
787 2408 951 2491 quaedam.
990 2406 1052 2472 Sed
1077 2431 1114 2472 ea

93 2519 211 2563 coram.
262 2496 308 2561 Te
335 2500 443 2560 autem
471 2496 692 2579 &curvataque
719 2497 844 2560 intexui
873 2497 1053 2580 faciamque
1080 2496 1114 2559 id

53 2613 78 2653 aa
94 2586 248 2651 crebrius.
293 2583 454 2648 Proximis
486 2584 569 2647 enim
601 2584 668 2647 tuis
700 2584 820 2647 litteris
851 2585 992 2667 primum
1020 2588 1053 2647 te
1081 2584 1114 2648 id

93 2697 162 2739 non
184 2673 272 2736 nolle
294 2672 440 2756 cognovi.
477 2670 526 2734 De
549 2670 702 2735 Marcello
723 2673 896 2754 scripserat
915 2672 956 2735 ad
973 2693 1025 2736 me
1040 2669 1149 2737 Cas-a

95 2763 164 2826 sius
194 2765 304 2846 antea,
335 2763 375 2825 τὰ
397 2761 480 2824 κατὰ
503 2759 603 2843 μέρος
627 2758 765 2824 Servius.
812 2758 933 2824 Orem
955 2760 1115 2824 acerbam!

94 2850 149 2914 Ad
176 2849 282 2934 prima
308 2848 411 2911 redeo.
461 2846 588 2931 Scripta
611 2852 725 2912 nostra
750 2870 912 2931 nusquam
934 2848 1022 2917 malo
1046 2866 1150 2912 casea

96 2960 195 3024 quam
221 2937 308 3020 apud
337 2940 384 3021 te,
414 2935 470 2999 scd
497 2957 535 2999 ea
562 2939 633 2999 tum
663 2936 750 2998 foras
774 2935 857 3019 dari,
889 2959 962 3000 cum
985 2937 1116 3018 utrique

55 3053 82 3092 ao
94 3031 245 3091 nostrum
267 3024 437 3088 videbitur.
473 3023 546 3108 Ego
570 3027 603 3087 ct
625 3023 777 3088 librarios
800 3028 875 3088 tuos
899 3025 994 3107 culpa
1012 3024 1116 3088 libero

95 3135 201 3198 neque
230 3117 263 3176 te
293 3133 407 3177 accuso
435 3116 468 3175 et
497 3116 607 3176 tamen
634 3111 723 3175 aliud
746 3111 897 3195 quiddam
921 3114 962 3176 ad
984 3116 1017 3174 te
1041 3111 1116 3174 scri-

96 3223 237 3286 pseram,
271 3197 461 3264 Caerelliam
494 3199 649 3282 quaedam
682 3200 806 3285 habere,
840 3221 920 3283 quac
946 3201 1012 3264 cisi
1042 3219 1063 3263 o
1091 3203 1118 3263 tc

96 3290 215 3354 habere
242 3310 309 3354 non
332 3288 483 3372 potuerit.
531 3287 634 3351 Balbo
659 3287 789 3370 quidem
812 3287 1042 3371 intellegebam
1066 3290 1133 3350 sat*

95 3377 278 3443 faciendum
296 3378 404 3460 fuisse,
419 3379 547 3440 tantum
565 3375 713 3439 nolebam
735 3380 791 3438 aut
811 3375 995 3440 obsoletum
1013 3373 1117 3437 Bruto

56 3491 82 3531 a
96 3471 153 3531 aut
171 3465 276 3530 Balbo
295 3464 482 3529 inchoatum
500 3463 577 3527 dari.
610 3461 761 3546 Varroni,
776 3463 873 3526 simul
893 3485 928 3526 ac
946 3467 979 3527 te
998 3462 1118 3546 videro,
