2578 3886
267 190 527 246 EPISTULARUM
545 191 595 245 AD
615 190 779 247 ATTICUM
797 192 836 246 XI
854 198 879 261 6,
901 198 924 247 7.
1041 193 1110 257 329

81 335 184 399 modo
205 335 243 398 de
261 335 487 422 conservanda,
502 336 556 400 sed
576 337 673 400 etiam
693 335 731 400 de
750 335 896 420 augenda
914 357 987 399 mea
1005 336 1108 420 digni-

84 427 156 487 tate
174 445 269 488 curae
287 425 358 489 fore
358 445 500 510 ,meque
517 424 701 509 hortantur,
714 427 752 487 ut
769 444 889 508 magno
909 424 1017 488 animo
1037 424 1112 507 sim,

83 516 126 575 ut
154 511 263 576 omnia
290 534 417 576 summa
443 533 577 596 sperem
622 513 673 576 lla
704 512 877 598 spondent,
905 511 1107 576 confirmant.

85 598 178 675 Quae
202 600 331 683 quidem
349 599 431 664 mihi
450 600 606 685 explorat
597 623 667 665 lora
686 603 803 687 essent,
826 600 854 663 si
873 600 1106 664 remansissem.

53 685 189 754 assed
179 708 292 772 rngero
321 689 510 774 praeterita,
478 689 627 774 avide,
655 710 788 774 quaeso,
815 688 877 772 igit
879 711 918 752 ur
947 709 997 772 ea,
1026 710 1111 772 quae

85 779 224 861 restant,
248 781 281 840 et
304 776 437 861 explora
459 799 531 842 cum
554 777 627 841 istis
652 781 693 862 et,
717 776 747 840 si
767 780 827 860 put
813 777 899 840 tabis
924 798 1005 861 opus
1029 798 1112 861 esse,

87 863 176 928 etsi
198 828 271 928 iltis
294 864 444 950 placebit,
467 886 532 948 quo
555 865 659 949 magis
682 829 747 929 lact
733 868 804 929 tum
821 868 972 930 nostrum
991 829 1108 929 ansai

86 951 208 1035 probet
231 953 325 1035 quasi
348 952 387 1015 de
410 973 543 1017 suorum
562 953 723 1017 sententia
739 953 871 1037 facturn,
894 953 1108 1017 adhibeantur

7 1097 9 1100 .
86 1040 282 1126 Trebonius,
303 1040 417 1127 Pansa,
441 1041 469 1104 si
492 1042 548 1124 qui
567 1041 639 1126 alii,¹
655 1041 861 1124 scribantque
880 1041 920 1104 ad
939 1039 1115 1106 Gaesarem.

39 1156 71 1195 ιο
87 1150 151 1214 me,
176 1128 330 1212 quicquid
350 1129 491 1214 fecerim,
512 1128 551 1194 de
575 1151 633 1194 sua
656 1129 816 1193 sententia
838 1129 961 1194 fecisse.

158 1216 289 1280 Tulliae
310 1239 401 1280 meae
427 1217 561 1281 morbus
590 1220 622 1280 et
649 1217 857 1281 imbecillitas
885 1217 1030 1301 corporis
1058 1233 1146 1282 met

87 1305 262 1370 exanimat.
313 1304 416 1381 Quam
452 1305 515 1368 tibi
551 1306 705 1389 intellego
736 1325 872 1390 magnae
903 1327 997 1369 curae
1030 1326 1109 1388 esse,

89 1394 179 1476 quod
210 1397 259 1457 est
286 1393 368 1457 mihi
395 1393 624 1478 gratissimum.
674 1392 724 1456 De
750 1392 884 1477 Pompei
912 1394 1001 1457 exitu
1027 1393 1147 1457 mihis

89 1482 228 1546 dubium
249 1503 426 1565 numquam
448 1481 519 1545 fuit.
561 1480 665 1545 Tanta
689 1481 774 1545 enim
798 1480 978 1564 desperatio
1001 1501 1109 1546 rerum

43 1595 72 1636 ιι
89 1571 160 1634 eius
190 1570 335 1634 omnium
362 1591 475 1653 regum
503 1573 535 1632 et
557 1570 753 1653 populorum
781 1569 905 1632 animos
929 1573 1111 1652 occuparat,

89 1661 142 1743 ut,
173 1679 375 1742 quocumque
396 1658 551 1743 venisset,
579 1657 642 1721 hoo
664 1662 811 1742 putarem
832 1657 988 1720 futurum.
1034 1654 1111 1720 Non

89 1766 228 1830 possum
255 1746 324 1810 eius
354 1753 463 1809 casum
490 1767 557 1809 non
580 1746 702 1831 dolere,
733 1744 899 1809 hominem
922 1744 1008 1808 em'm
1030 1743 1110 1807 inte-

7 1843 8 1848 ’
91 1855 189 1920 grum
214 1837 246 1898 et
269 1837 394 1898 castum
416 1837 449 1899 et
472 1855 603 1918 gravem
626 1833 771 1918 cognovi.
817 1832 866 1897 De
888 1831 1013 1896 Fannio
1037 1849 1147 1898 con-e

93 1922 180 1986 soler
202 1922 257 1986 te?
293 1920 479 1986 Perniciosa
500 1921 696 2005 loquebatur
718 1921 758 1984 de
780 1921 947 1984 mansione
970 1923 1036 1983 tua.
1074 1919 1109 1982 L.

45 2037 75 2076 ao
90 2032 168 2075 vero
192 2008 275 2074 Lent
261 2011 350 2074 tulus
378 2010 535 2073 Hortensi
562 2010 693 2074 domum
723 2009 786 2073 sibi
810 2013 842 2072 et
865 2007 1012 2073 Caesaris
1034 2007 1111 2072 hor-

91 2103 145 2163 tos
172 2102 205 2161 et
228 2097 324 2162 Baias
348 2098 568 2181 desponderat.
615 2096 755 2161 Omnino
778 2097 857 2160 haec
880 2096 991 2160 eodem
1014 2097 1110 2161 modo

92 2209 132 2251 ex
162 2185 225 2249 hac
255 2190 348 2271 parte
315 2186 476 2272 ttfiun,
507 2186 572 2249 nisi
604 2185 691 2270 quod
722 2185 804 2249 illud
836 2189 905 2250 erat
891 2184 1102 2249 tinfinitum

93 2274 214 2339 Omnes
237 2275 319 2338 enim
323 2275 412 2361 ,qui
430 2273 513 2337 inlt
515 2274 578 2337 alia
596 2277 790 2358 manserant,
812 2273 959 2337 hostium
976 2294 1111 2337 numero

91 2356 305 2427 habebantur
323 2328 402 2426 Sed
419 2362 517 2426 velim
535 2362 613 2426 haec
631 2325 804 2446 aliquando
824 2361 921 2426 solut
897 2365 980 2425 trore
995 2361 1111 2424 animo

47 2477 76 2517 aa
161 2449 318 2526 Quintum
349 2451 414 2514 frat
400 2455 484 2514 trem
516 2450 610 2514 audio
643 2451 864 2533 profectum
854 2471 889 2514 m
916 2448 1043 2534 Asiam,
1074 2453 1148 2514 ιιιι

48 2540 326 2623 deprecaretur.
377 2537 426 2602 De
458 2537 527 2601 filio
559 2538 643 2601 nihil
676 2538 797 2624 audivi3
835 2537 890 2602 sed
923 2559 1040 2622 quaere
1073 2559 1112 2601 er

92 2627 266 2714 Diochare,
298 2626 444 2692 Caesaris
479 2626 598 2690 ιιιοιιο
579 2648 736 2711 oq,uem
764 2647 823 2712 ego
851 2647 919 2691 non
945 2626 1029 2710 vidi,
1057 2626 1113 2710 qui

92 2716 174 2780 istas
205 2680 407 2780 Alexandrea
444 2713 499 2778 ιιιι
469 2718 570 2779 ettras
608 2717 657 2778 att
643 2714 728 2778 tulit.
778 2713 811 2778 Is
843 2714 922 2778 dicit
908 2717 962 2778 tur
994 2713 1114 2778 vidisse

94 2803 251 2879 Quintum
275 2807 404 2867 euntem
427 2825 469 2866 an
488 2803 553 2867 iam
572 2802 607 2866 in
625 2801 713 2866 Asia.
751 2800 837 2868 Tuas
855 2803 993 2887 litterae,
1015 2805 1114 2886 prout

50 2913 145 2958 sores
176 2896 251 2976 post
237 2891 335 2978 t,ulat
366 2893 526 2976 exspecto.
572 2888 658 2965 Quas
686 2889 783 2954 velim
811 2912 901 2954 cures
931 2911 1028 2974 quam
1051 2890 1115 2974 pri·

92 3003 183 3045 mum
207 2980 248 3044 ad
269 3003 321 3045 me
326 2944 558 3063 ’perferendas
605 2995 658 3042 1111
681 2977 720 3042 K.
739 2978 906 3043 Decembr.

569 3117 641 3183 VH.

265 3222 321 3278 Sor.
337 3223 480 3278 Brundisi
499 3222 578 3276 XIV
593 3222 660 3276 Kal.
675 3223 740 3276 Ian.
756 3240 782 3276 o.
798 3226 854 3276 706
874 3224 944 3290 (48).

296 3316 299 3320 ’
416 3327 544 3383 sicano
564 3327 697 3382 arrico
718 3327 792 3381 sun.

51 3447 78 3488 aa
160 3418 279 3484 Gratae
311 3423 385 3483 tuae
417 3418 499 3482 mihi
530 3418 659 3481 litterae
692 3421 782 3499 sunt,
816 3416 934 3500 quibus
968 3417 1151 3480 accurate1

91 3509 311 3595 perscripsisti
342 3507 465 3591 omnia,
492 3527 574 3589 quae
603 3506 642 3569 ad
669 3528 722 3569 me
750 3506 912 3588 pertinere
936 3502 1116 3566 arbitratus
