2616 3884
238 149 497 206 EPISTULARUM
516 151 565 205 AD
584 153 747 209 ATTICUM
765 153 832 208 VIII
852 155 998 211 14-15A.
1061 155 1126 221 251

57 376 61 386 Ι
110 294 277 380 congressi
302 299 421 382 essent,
447 294 637 378 Pompeium
662 296 702 361 ad
721 296 822 361 ullam
841 297 1060 364 condicionem
1080 321 1129 365 ec-

111 404 280 448 cessurum
310 383 474 466 putabam.
525 383 618 460 Quod
649 385 766 449 videris
802 407 870 450 non
901 386 1064 472 dubitare,
1099 388 1128 452 si

112 471 261 536 consules
289 474 468 557 transeant,
506 473 584 555 quid
614 494 675 536 nos
706 473 811 538 facere
843 479 1007 562 oporteat,
1043 478 1128 540 certe

112 562 283 626 transeunt
305 559 370 646 vel,
399 581 462 644 quo
491 559 586 624 modo
609 582 694 625 nuno
722 565 785 647 est,
812 562 1018 628 transienmt.
1065 561 1128 628 Sed

86 652 275 713 smemento
298 651 426 732 praeter
449 646 592 732 Appium
614 649 775 714 neminem
792 671 861 715 esse
884 651 959 736 fere,
983 651 1039 735 qui
1060 673 1128 717 non

113 735 165 800 ius
193 735 313 801 habeat
342 736 537 800 transeundi.
583 735 670 800 Nom
698 742 755 802 eut
784 759 857 802 cum
885 739 1021 823 imperio
1051 742 1128 804 sunt

113 828 151 888 ut
173 823 360 909 Pompeius,
387 828 425 888 ut
449 823 570 910 Scipio,
598 824 747 912 Sufenas,
773 824 931 910 Fannius,
952 827 1127 911 Voconius,

114 911 253 995 Sestius,
283 911 346 996 ipsi
375 913 537 997 consules,
566 912 684 996 quibus
706 936 795 978 more
820 915 980 980 maiorum
1003 938 1128 982 conces·

114 1022 187 1064 sum
214 1004 263 1066 est
285 1000 338 1064 vel
364 1021 474 1066 omnes
502 1001 589 1066 adire
616 1001 810 1085 provincius,
841 1007 897 1067 sut
924 1003 1024 1089 legati
1050 1009 1128 1069 sunt

71 1114 99 1152 ιο
114 1109 233 1153 eorum.
280 1085 342 1152 Sed
363 1087 448 1152 nihil
470 1088 617 1174 decern03
645 1090 722 1173 quid
745 1090 868 1174 placeat
891 1091 968 1179 tibi,
995 1095 1027 1157 et
1051 1092 1128 1177 quid

112 1198 217 1260 prope
239 1176 371 1241 modum
393 1180 518 1242 rectum
540 1178 592 1260 sit,
614 1177 779 1262 intellego,

180 1263 278 1329 Plura
307 1265 493 1351 scriberem,
527 1265 556 1329 si
584 1265 654 1348 ipse
683 1288 818 1349 possem.
870 1267 946 1353 Sed,
980 1271 1017 1332 ut
1046 1268 1128 1332 mihi

111 1352 232 1438 videor,
255 1356 368 1436 potero
391 1352 499 1418 biduo.
544 1353 640 1417 Bulbi
663 1351 792 1418 Corneli
819 1354 1002 1420 litterarum
1025 1378 1128 1421 exem·

111 1440 218 1528 plum,
248 1463 327 1524 quas
351 1441 462 1507 eodem
485 1440 535 1505 die
566 1442 672 1525 accepi
703 1464 767 1526 quo
797 1446 884 1527 tues,
912 1443 987 1508 misi
1016 1444 1056 1508 ad
1085 1448 1127 1529 te,

70 1555 97 1595 rs
112 1531 151 1593 ut
169 1550 273 1593 meam
295 1529 397 1594 vicem
419 1529 553 1615 doleres,
576 1551 648 1594 cunr
670 1551 722 1594 me
745 1530 882 1595 derideri
899 1531 1031 1596 videres.

601 1703 640 1770 A.

314 1824 372 1882 Sor.
391 1825 496 1880 Romae
513 1843 554 1881 erc.
573 1843 608 1881 m.
628 1825 710 1880 Febr.
730 1843 756 1880 a.
777 1829 832 1881 705
851 1829 921 1894 (49).

362 1947 502 2004 BALBUS
522 1946 693 2003 CICERONI
710 1947 783 2002 IMP.
804 1948 878 2002 SAL.

12 2051 14 2104 l
181 2054 321 2122 Obsecro
344 2059 391 2141 te,
414 2053 539 2139 Cicero,
563 2057 688 2140 suscipe
711 2077 820 2120 curum
843 2058 875 2120 et
898 2055 1127 2140 cogitationem
1147 2073 1162 2122 1

71 2171 99 2211 so
114 2145 339 2230 dignissimam
361 2148 436 2208 tuoe
459 2144 605 2228 virtutis,
632 2147 670 2208 nt
693 2141 862 2209 Caesarem
883 2148 917 2208 et
939 2143 1127 2229 Pompeium

111 2233 249 2317 perfidia
270 2232 437 2296 hominum
462 2230 634 2296 distractos
657 2254 769 2296 rursus
797 2233 832 2296 in
860 2233 1032 2316 pristinem
1054 2255 1128 2298 con-

112 2319 256 2386 cordiem
285 2319 425 2384 reduces.
478 2318 579 2384 Crede
610 2319 691 2384 mihi
724 2318 893 2384 Caesarem
922 2341 989 2385 non
1021 2321 1126 2386 solum

111 2409 183 2475 fore
207 2409 243 2473 in
264 2411 321 2472 tus
343 2410 515 2493 potestate,
538 2407 714 2472 sed-etiam
736 2408 914 2472 maximum
935 2408 1127 2474 beneficium

112 2501 146 2562 te
170 2497 235 2561 sibi
258 2495 381 2560 dedisse
403 2495 633 2581 iudicaturum,
663 2496 691 2560 si
720 2494 782 2560 hoc
810 2499 843 2560 te
873 2496 974 2561 reicis.
1019 2496 1128 2562 Velim

72 2611 99 2652 ss
113 2585 200 2650 idem
222 2583 394 2668 Pompeius
417 2584 523 2648 fcoiat.
561 2582 623 2659 Qui
646 2586 683 2648 ut
706 2583 819 2647 adduci
842 2585 901 2648 teli
924 2589 1069 2668 tempore
1087 2586 1127 2650 sd

112 2673 215 2738 ullam
245 2671 464 2737 condicionem
493 2672 612 2757 possit,
644 2671 749 2757 magis
785 2676 862 2755 opto
896 2695 993 2757 quem
1024 2695 1128 2756 spero

114 2759 191 2846 Sed,
218 2781 292 2824 cunr
314 2760 497 2825 constiterit
524 2764 557 2824 et
579 2761 693 2824 timere
716 2760 860 2846 desierit,
881 2764 953 2826 tum
975 2761 1127 2845 incipiam

113 2871 182 2914 non
203 2848 369 2933 desperare
392 2851 483 2912 tuem
502 2849 730 2914 auctoritatem
752 2847 927 2932 plurimum
947 2849 1032 2933 apud
1055 2871 1127 2914 sum

114 2937 295 3002 valituram.

75 3051 101 3091 so
182 3023 275 3100 Quod
292 3024 466 3090 Lentulum
488 3025 649 3090 consulem
675 3047 782 3089 meum
800 3024 935 3090 voluisti
952 3025 1005 3090 hio
1027 3043 1163 3090 reme-2

114 3135 204 3199 nere,
234 3111 362 3178 Caesari
385 3117 529 3199 gratum,
555 3113 637 3176 mihi
659 3135 735 3178 vero
759 3113 981 3197 gratissimum
1002 3114 1127 3178 medius

113 3201 211 3266 fidius
234 3201 349 3266 fecisti.
396 3199 481 3265 Nam
508 3201 600 3265 illum
627 3201 712 3265 tanti
739 3201 838 3286 facio,
866 3205 994 3266 utnon
1017 3199 1130 3266 Cossu

113 3311 182 3354 rem
204 3289 309 3374 magis
337 3289 478 3373 diligam.
525 3288 587 3364 Qui
615 3289 643 3353 si
670 3311 785 3372 pessus
814 3293 899 3354 esset
926 3310 986 3352 nos
1013 3311 1129 3373 secum,

114 3381 151 3442 ut
175 3398 456 3460 consueveramus,
485 3377 577 3460 loqui
606 3381 638 3441 et
667 3398 735 3441 non
763 3399 796 3441 se
827 3380 934 3440 totum
962 3377 1060 3440 etism
1088 3377 1129 3441 ab

75 3491 100 3532 cs
115 3487 262 3530 sermone
290 3468 404 3532 nostro
435 3465 617 3551 evertisset,
647 3464 754 3528 minus
781 3465 892 3549 miser,
923 3485 1019 3547 quom
1049 3485 1131 3547 sum,
