2586 3886
303 110 562 166 EPISTULARUM
580 112 631 166 AD
649 111 814 169 ATTICUM
831 113 871 166 VI
890 120 913 168 1.
1052 114 1114 179 161

88 256 180 320 satis
195 255 337 320 efficitur
351 256 386 319 in
398 277 531 320 usuram
543 258 749 320 menstruam.
785 253 847 320 Sed
862 255 990 320 Gnaeus
1003 260 1118 321 noster

89 345 275 408 elementer
299 344 332 407 id
349 344 426 428 fert3
449 347 536 408 sorte
554 348 650 428 caret,
673 367 771 408 usura
787 366 846 408 nec
865 366 902 408 ea
921 345 1024 408 solida
1042 367 1116 409 eon-

89 436 211 496 tentus
236 434 295 496 est.
331 430 400 495 Alii
422 453 526 516 neque
550 432 647 498 solvit
670 432 819 515 cuiquam
841 454 899 496 nec
922 436 1031 515 potest
1054 434 1115 497 sol-

90 542 188 606 vere3
219 520 348 584 nullum
374 519 460 584 enim
487 520 658 605 aerarium,
690 520 816 584 nullum
842 520 982 605 vectigal
1008 520 1114 586 habet.

67 607 191 692 shppi
223 609 377 673 instituto
409 608 535 672 tributa
563 609 708 692 imperat.
759 609 822 694 Ea,
853 609 908 672 vix
939 609 975 673 in
1000 609 1113 672 faenus

92 695 236 780 Pompei
271 697 357 781 quod
389 697 468 760 satis
502 697 558 781 sit,
591 697 742 760 efficiunt.
794 695 901 761 Amici
932 697 1018 782 regis
1051 697 1114 762 duo

93 789 208 848 tresve
232 784 405 868 perdivites
430 789 515 870 sunt,
544 785 599 849 sed
622 785 647 848 ii
670 807 763 849 suum
786 788 854 849 tarn
877 784 1048 870 diligenter
1070 790 1115 849 te·

93 875 180 936 nent
210 895 306 956 quam
334 893 393 957 ego
422 877 478 937 aut
506 876 551 937 tu.
597 873 757 957 Equidem
783 895 850 937 non
872 873 983 938 desino
1006 878 1115 937 tamen

94 983 158 1044 per
177 961 305 1024 litteras
323 982 448 1046 rogare,
465 961 606 1046 suadere,
625 983 772 1025 accusare
785 983 901 1046 regem.
938 961 1112 1027 Deiotarus
1131 977 1150 1026 4

55 1077 80 1115 10
96 1049 201 1113 etiam
228 1049 310 1114 mihi
336 1049 480 1113 narravit
504 1071 537 1112 se
561 1049 697 1113 adeum
720 1049 845 1134 legatos
868 1050 995 1114 misisse
1019 1050 1113 1114 dere

95 1137 211 1221 Bruti3
235 1159 289 1201 eos
312 1136 376 1201 sibi
398 1158 587 1221 responsum
609 1137 771 1201 rettulisse
790 1138 884 1201 illum
902 1160 968 1202 non
986 1139 1113 1203 habere.

96 1225 147 1289 Et
174 1224 355 1289 mehercule
383 1247 441 1310 ego
470 1225 517 1289 ita
538 1225 660 1311 iudico,
686 1225 770 1289 nihil
792 1226 848 1290 illo
873 1247 973 1312 regno
998 1227 1115 1310 spolia-

96 1313 179 1398 tius,
200 1313 285 1376 nihil
307 1333 382 1398 rege
405 1313 559 1398 egentius.
596 1311 710 1396 Itaque
734 1317 790 1377 aut
812 1315 916 1378 tutela
935 1315 1043 1399 cogito
1063 1337 1114 1379 me

99 1401 251 1466 abdicare
274 1405 330 1465 aut
353 1405 390 1464 ut
412 1423 472 1484 pro
496 1399 671 1466 Glabrione
695 1399 847 1465 Scaevola
868 1402 983 1466 faenus
1006 1407 1039 1466 et
1057 1403 1115 1467 im-

58 1516 84 1556 15
100 1489 257 1574 pendium
275 1511 428 1553 recusare.
465 1489 538 1574 Ego
557 1494 673 1573 tamen,
697 1511 776 1574 quas
795 1511 852 1573 per
869 1493 903 1553 te
921 1489 1024 1554 Bruto
1042 1514 1115 1574 pro·

99 1579 253 1642 miseram
267 1578 492 1664 praefecturas,
510 1577 553 1642 M.
564 1576 704 1663 Scaptia,
721 1576 757 1640 L.
768 1575 879 1661 Gavio,
895 1578 951 1661 qui
965 1579 1000 1642 in
1013 1599 1114 1662 regno

99 1689 171 1730 rem
193 1665 288 1730 Bruti
309 1667 534 1752 procurabant,
556 1666 670 1750 detuli3
702 1687 761 1728 nec
784 1666 869 1728 enim
891 1666 927 1728 in
949 1666 1115 1749 provincia

100 1776 175 1818 mea
191 1753 452 1839 negotiabantur.
488 1754 538 1818 'Pu
557 1758 663 1818 autem
681 1753 857 1817 meministi
876 1774 935 1817 nos
952 1753 998 1817 sic
1012 1775 1116 1840 agere,

101 1847 151 1928 ut,
173 1847 253 1927 quot
276 1843 372 1907 vellet
395 1843 619 1926 praefecturas,
643 1845 791 1927 sumeret,
813 1841 890 1905 dum
912 1862 952 1904 ne
970 1842 1114 1925 negotia·

62 1959 88 1996 10
102 1931 177 1994 tori.
221 1930 336 2013 Itaque
357 1930 437 1994 duas
460 1931 490 2015 ei
512 1934 677 2014 praeterea
699 1930 852 1993 dederam.
896 1927 958 1993 Sed
980 1929 1018 2014 ii,
1047 1929 1115 2012 qui·

103 2020 166 2083 bus
189 2019 337 2103 petierat,
359 2018 397 2081 de
420 2017 594 2101 provincia,
607 2019 814 2082 decesserant.
1277 2077 1278 2098 p

170 2105 267 2170 Nune
284 2127 439 2190 cognosce
456 2106 494 2170 de
509 2104 702 2192 Salaminiis7
720 2106 805 2190 quod
823 2105 916 2170 video
935 2105 997 2170 tibi
1016 2105 1114 2170 etiam
1134 2123 1151 2172 5
1277 2117 1278 2176 ἔ

103 2217 224 2260 novum
251 2195 402 2259 accidisse
429 2198 594 2278 tamquam
623 2195 711 2259 mihi.
757 2192 944 2279 Numquam
967 2194 1052 2258 enim
1075 2217 1115 2258 ex
1277 2195 1278 2224 ³

104 2284 161 2348 illo
189 2283 297 2348 audivi
323 2283 413 2346 illam
435 2282 602 2366 pecuniam
626 2305 694 2347 esse
719 2305 824 2367 suam3
856 2283 935 2366 quin
958 2283 1056 2347 etiam
1077 2283 1115 2347 li-

66 2371 226 2438 asbellum
248 2371 350 2454 ipsius
372 2370 490 2455 habeo,
520 2371 555 2434 in
578 2392 641 2454 quo
666 2374 728 2434 est:
767 2369 981 2444 ‘Salaminii
1004 2392 1115 2454 peeu-

107 2459 206 2524 niam
229 2459 367 2522 debent
389 2458 433 2522 M.
453 2457 609 2542 Scaptio
634 2461 671 2522 et
690 2458 724 2522 P.
743 2458 925 2542 Matium,
947 2459 1116 2522 familia·

106 2549 213 2612 ribus
240 2546 354 2611 meis'
399 2546 466 2610 Eos
489 2548 570 2611 mihi
593 2546 807 2630 commendat3
840 2546 994 2611 adscribit
1018 2547 1116 2610 etiam

108 2640 139 2699 et
166 2635 259 2720 quasi
285 2635 387 2698 calcar
414 2634 561 2699 admovet
589 2635 807 2699 intercessisse
836 2657 869 2700 se
896 2656 955 2718 pro
982 2635 1023 2698 iis
1051 2658 1117 2698 ma-

109 2745 202 2808 gnam
223 2723 398 2807 pecuniam.
444 2721 659 2808 Oonfmmam,
686 2727 724 2786 ut
747 2723 908 2787 solverent
931 2723 1114 2787 centesimis

69 2839 98 2878 ao
113 2812 251 2876 sexennii
270 2812 374 2875 ductis
398 2833 470 2874 cum
492 2812 700 2877 renovatione
724 2809 925 2896 singulorum
948 2833 1114 2875 annorum.

110 2899 153 2964 At
178 2897 327 2983 Scaptius
360 2903 531 2982 quaternas
562 2899 759 2983 postulabat.
809 2899 926 2985 Metui,
959 2900 987 2962 si
1018 2900 1116 2983 impe-

109 2991 231 3072 trasset,
252 3009 294 3051 ne
316 2992 354 3051 tu
376 2987 445 3071 ipse
468 3009 518 3051 me
537 3010 643 3051 amare
661 2987 835 3071 desineres3
857 3009 933 3051 nam
952 2987 992 3050 ab
1011 2988 1115 3052 edicto

110 3098 176 3140 meo
202 3076 405 3140 recessissem
432 3079 465 3139 et
497 3075 661 3140 civitatem
682 3076 718 3138 in
740 3073 873 3140 Catonis
898 3079 930 3139 et
953 3075 988 3138 in
1010 3076 1115 3159 ipsius

110 3162 199 3228 Bruti
220 3165 284 3228 fide
305 3165 443 3228 locatam
461 3164 603 3248 meisque
622 3164 783 3227 benefieiis
803 3165 950 3227 ornatam
969 3164 1114 3228 funditus

72 3253 320 3335 asperdidissem.
365 3251 474 3335 Atque
503 3252 565 3316 hoc
592 3256 737 3334 tempore
765 3251 836 3334 ipso
859 3251 1013 3336 impingit
1035 3251 1153 3317 mihis

112 3340 276 3424 epistulam
295 3338 444 3424 Scaptius
466 3340 562 3403 Bruti
585 3362 654 3403 rem
682 3340 772 3402 illam
795 3361 854 3402 suo
877 3340 1019 3422 periculo
1038 3361 1116 3420 esse,

112 3429 192 3513 quod
213 3451 271 3493 nec
293 3428 373 3492 mihi
390 3450 545 3512 umquam
562 3428 685 3491 Brutus
704 3428 830 3490 dixerat
847 3448 905 3490 nec
923 3427 994 3510 tibi,
1017 3427 1116 3490 etiam

160 3541 205 3582 cic.
216 3543 281 3590 epist.
291 3543 323 3583 H.
924 3534 955 3580 11
