2586 3886
274 127 535 185 EPISTULARUM
552 131 603 185 AD
621 131 786 187 ATTICUM
803 131 843 187 IV
861 137 886 203 5,
906 139 930 188 6.
1049 133 1111 197 lll

86 277 202 336 tamen
232 272 357 336 nullam
387 272 487 338 habes
517 275 684 358 propriam
719 276 841 340 servitu
819 280 921 359 utem,
951 277 1115 341 communi

86 362 193 426 servis
215 361 361 424 nomine·
354 382 446 447 ,ego
468 384 555 448 vere,
579 364 644 448 qui,
667 363 695 427 si
718 363 835 447 loquor
858 363 896 429 de
919 386 954 428 re
976 366 1152 449 publicar

86 449 177 533 quod
203 453 347 551 oportet,
371 449 517 534 insanus,
541 451 582 534 si,
610 451 696 534 quod
720 473 802 535 opus
826 455 889 538 est,
917 474 1028 516 servus
1051 453 1115 516 exi-

87 538 219 621 stimor,
244 538 272 602 si
295 541 397 622 taceo,
420 560 593 621 oppressus
616 544 649 603 et
672 543 745 623 capt
747 562 785 604 us
790 562 888 642 ,quo
912 539 1022 605 dolore
1046 562 1115 605 esse

61 626 217 690 edebeo‘?
260 623 330 701 Quo
355 648 428 690 sum
451 627 582 710 scilicet,
604 626 666 692 hoc
689 628 788 692 etiam
812 629 942 714 acriore,
965 629 1052 712 quod
1074 650 1115 692 ne

87 713 200 778 dolere
225 713 356 797 quidem
379 736 523 815 possum,
545 677 672 780 utnon
694 716 803 802 ingrat
805 737 843 780 us
789 716 984 782 ιιιιιιιι.
1022 715 1117 802 Quid

87 803 119 866 si
143 823 271 866 cessare
293 802 450 866 libeatet
418 803 509 866 etin
529 802 588 867 otii
612 807 743 904 portum
766 805 961 890 confugere?
993 804 1115 888 Nequi-

24 917 25 924 *
89 913 205 974 quam,
228 890 328 954 immo
353 891 450 954 etiam
473 891 508 955 in
530 890 653 956 bellum
675 891 739 956 ιι
730 913 765 956 1n
783 897 851 957 cast
852 915 897 958 ιι.
942 892 1033 979 Ergo
1057 893 1117 957 eri-

24 977 25 1070 ι
88 1001 165 1042 mus
191 979 323 1062 ὀπαδοί,
347 978 404 1061 qui
418 977 522 1080 ⁸rocyol
546 1001 615 1044 esse
636 981 822 1045 noluimus?
860 981 913 1047 Sic
935 981 1117 1046 faciendum

53 1093 76 1130 ιι
89 1071 153 1151 ιιι,
171 1066 235 1130 tibi
258 1067 345 1131 enim
360 1063 427 1151 ipsi
418 1065 535 1152 (quoi
552 1068 679 1132 utinam
697 1090 821 1153 semper
839 1068 1046 1156 paruissemt)
1071 1070 1118 1134 sic

88 1155 187 1219 video
211 1155 347 1238 placere.
394 1154 583 1239 †Reliquia
607 1161 656 1220 est

301 1279 475 1365 Σιιοιριιιν
498 1283 621 1364 ἔλαχες,
644 1281 769 1345 ταύταν
791 1283 926 1366 κόσμει.

90 1419 173 1486 Non
194 1419 376 1484 mehercule
399 1442 532 1504 possum
555 1426 588 1484 et
610 1419 787 1484 Philoxeno
814 1421 963 1508 ignosco,
991 1422 1048 1506 qui
1070 1444 1117 1487 re-

93 1509 170 1572 duci
192 1508 229 1572 in
251 1529 411 1573 carcerem
433 1509 558 1573 maluit.
535 1509 719 1574 tVerum
741 1513 850 1573 tamen
872 1508 905 1573 id
927 1510 1036 1593 ipsum
1054 1533 1118 1574 me-

56 1621 80 1660 15
95 1619 170 1660 cum
193 1596 230 1660 in
251 1596 304 1660 his
327 1597 408 1661 locis
432 1601 639 1682 commentor,
662 1596 732 1660 ut
723 1601 787 1661 1sta
809 1597 998 1681 improbem,
1021 1596 1118 1680 idque

93 1690 141 1772 tu,
166 1706 241 1748 cum
264 1707 328 1748 una
352 1685 481 1770 erimus,
504 1650 717 1750 confirmabis.

131 1738 196 1836 A
210 1773 316 1836 telitt
287 1776 388 1837 tteras
412 1737 524 1838 crebro
548 1773 661 1838 adme
685 1773 783 1838 scribi
801 1773 903 1856 video,
927 1773 982 1837 sed
1006 1794 1117 1837 omnes

94 1881 162 1924 uno
193 1864 339 1943 tempore
369 1862 485 1946 accepi.
531 1860 618 1937 Quae
645 1882 746 1926 rese
748 1862 827 1926 tiam
854 1861 945 1925 auxit
931 1861 1118 1925 tdolorem

94 1971 214 2013 meum.
247 1947 333 2013 Casu
356 1949 442 2013 enim
464 1950 567 2014 trinas
587 1953 661 2014 ante
679 1951 829 2035 legeram,
853 1950 970 2033 quibus
989 1949 1118 2014 melius-

59 2061 83 2099 ιι
95 2037 169 2101 cule
183 2035 322 2101 Lentulo
337 2059 406 2102 esse
429 2039 586 2122 scriptum
605 2042 682 2104 erat.
718 2039 802 2103 Ecce
826 2042 958 2122 quartae
981 2038 1117 2102 fulmen!

97 2123 163 2189 Sed
185 2125 250 2209 ille,
274 2129 312 2189 ut
335 2125 458 2209 scripsi,
480 2149 547 2192 non
569 2127 676 2211 miser,
698 2149 759 2191 nos
782 2149 859 2191 vero
882 2126 986 2191 ferrei.

166 2211 260 2288 Quod
282 2235 334 2276 me
358 2215 518 2300 admones,
541 2218 578 2278 ut
601 2215 739 2279 scribam
760 2215 817 2279 illa
831 2213 1059 2300 Hortensiana,
1081 2215 1117 2278 in
1136 2230 1153 2277 3

97 2300 163 2366 alia
185 2301 284 2366 incidi
302 2323 369 2366 non
387 2302 556 2367 immemor
569 2303 663 2367 istius
676 2303 820 2367 mandati
834 2303 896 2388 tui,
921 2303 976 2368 sed
994 2303 1118 2367 meher-

98 2389 170 2454 cule
192 2391 229 2453 ιι
250 2389 433 2473 incipiendo
456 2391 576 2476 refugi,
605 2412 660 2476 ne,
688 2392 745 2475 qui
767 2391 877 2456 videor
901 2392 1001 2456 stulte
1026 2391 1116 2455 illius

60 2502 84 2541 ιι
98 2477 196 2542 ιιιιιι
216 2477 442 2562 intemperiem
463 2501 531 2543 non
553 2479 682 2563 tulisse,
704 2501 818 2545 rursus
842 2480 943 2544 stulte
964 2479 1118 2544 iniuriam

98 2565 188 2629 illius
210 2565 327 2630 faciam
349 2566 532 2669 inlustrem,
560 2567 588 2632 si
611 2567 689 2651 quid
712 2568 878 2651 scripsero,
902 2572 934 2632 et
958 2567 1118 2632 simulne

99 2654 253 2737 daturas
274 2676 358 2739 mea,
386 2677 469 2740 quae
490 2656 527 2720 in
549 2655 673 2740 agendo
697 2657 925 2740 apparuit,m
889 2655 1117 2720 inscribendo

25 2759 26 2822 ι
100 2742 144 2807 ιιι
182 2741 423 2828 occultior,et
457 2744 580 2827 aliquid
612 2743 790 2809 satisfactio
822 2706 936 2809 lebitat
888 2744 966 2808 ttis
997 2744 1118 2808 habere

25 2827 26 2908 ἶ
99 2830 257 2894 videatur.
303 2830 366 2896 Sed
392 2832 580 2917 viderimus,
610 2837 648 2896 tu
677 2832 772 2897 modo
803 2855 900 2916 quam
930 2832 1155 2934 saepissimae

25 2931 26 2935 ’
62 2942 87 2981 ιι
100 2917 141 2982 ad
162 2940 215 2982 me
238 2918 368 3003 aliquid.
405 2920 502 3004 Epist
488 2920 600 3007 tulum,
622 2919 756 2986 Lucceio
782 2920 893 3006 [nunc]
919 2943 1016 3005 quam
1033 2921 1120 3006 misi,

101 3028 179 3092 qua,
208 3028 295 3071 meas
318 3029 370 3072 res
393 3013 431 3073 ut
455 3009 590 3095 scribat,
617 3030 713 3094 roge,
744 3009 795 3074 fac
821 3013 859 3073 ut
883 3008 923 3072 ab
947 3029 984 3073 eo
1009 3030 1118 3072 sumas

100 3059 207 3178 (valde
231 3094 317 3160 bella
340 3095 404 3184 ιιι)
428 3119 573 3183 eumque,
596 3101 633 3161 ιιι
652 3097 854 3184 adproperet,
877 3096 992 3161 adhort
994 3097 1057 3160 eris
1077 3100 1120 3181 et,

101 3182 189 3265 quod
220 3183 301 3247 mihi
333 3206 367 3248 se
398 3185 445 3250 ita
477 3150 637 3249 factuium
667 3186 846 3272 rescripsit,
879 3205 955 3269 agas
986 3187 1059 3285 grat
1061 3184 1119 3268 ιιι,

101 3269 233 3334 domum
254 3275 401 3337 nostram
405 3273 545 3361 ,quoad
567 3274 704 3376 poteris,
725 3275 862 3358 invisas,
885 3273 1038 3338 Vestorio
1063 3271 1119 3334 ali-

63 3381 87 3424 ιι
103 3358 181 3440 quid
204 3359 373 3443 significes.
405 3326 523 3427 Valde
546 3363 632 3426 enim
656 3363 736 3428 est
727 3384 763 3426 m
784 3383 835 3425 me
854 3326 1010 3426 liberalis.
