2586 3886
261 134 521 190 EPISTULARUM
539 135 588 188 AD
608 135 771 190 ATTICUM
789 136 828 190 VI
847 141 871 204 2,
892 141 916 190 3.
1033 136 1096 200 173

69 280 195 342 lerunt.
243 276 305 342 Sed
335 279 400 344 iam
431 279 509 362 quid
539 301 620 363 opus
651 279 818 363 equitatu?
850 279 981 344 solvunt
1011 280 1097 346 enim

72 365 265 452 Salaminii3
300 367 365 430 nisi
397 367 482 432 forte
513 367 547 431 id
576 368 725 432 volumus
758 367 855 431 armis
889 367 1027 451 efficere,
1058 372 1096 431 ut

71 455 192 520 faenus
224 455 388 538 quaternis
419 455 601 520 centesimis
634 457 759 521 ducant.
805 455 851 519 Et
881 477 940 540 ego
972 455 1095 519 audebo

72 544 187 627 legere
206 565 360 626 umquam
379 547 435 608 aut
452 545 612 628 attingere
631 566 686 610 eos
704 545 816 628 libros,
840 548 977 627 questu
996 544 1095 607 dilau-

48 632 149 716 sdas,
185 630 214 694 si
245 632 309 695 tale
347 632 425 715 quid
456 632 582 698 fecero?
632 631 753 717 Nimis,
785 633 932 716 inquam,
964 632 1000 695 in
1030 632 1095 695 isto

74 719 222 783 Brutum
249 721 378 806 amasti,
407 720 590 785 dulcissime
613 720 735 805 Attice,
760 742 821 785 nos
844 741 957 785 vereor
978 741 1020 784 ne
1042 742 1096 803 pa-

75 829 161 872 rum.
195 805 305 890 Atque
327 807 407 872 haec
430 809 546 892 scripsi
571 830 631 893 ego
655 810 695 873 ad
717 810 857 874 Brutum
881 808 1048 891 scripsisse
1063 812 1095 872 te

77 896 121 960 ad
143 917 205 959 me.
253 893 418 980 Cognosce
441 918 529 962 nunc
553 901 666 962 cetera.
1106 913 1140 960 10

146 981 212 1047 Pro
226 982 335 1066 Appio
358 1005 419 1048 nos
441 984 495 1048 hic
511 986 627 1050 romnis
649 985 795 1070 facimus,
817 984 953 1060 honeste
978 989 1095 1067 tamen,

40 1099 65 1138 ιο
79 1071 137 1136 sed
161 1072 256 1155 plane
274 1073 420 1136 libenter.
457 1071 525 1138 Nec
540 1073 625 1137 enim
638 1073 746 1156 ipsum
761 1074 885 1138 odimus
906 1077 938 1137 et
956 1073 1096 1136 Brutum

79 1181 241 1242 amamus,
269 1164 301 1224 et
323 1160 495 1244 Pompeius
519 1161 654 1225 mirifice
677 1185 695 1225 a
718 1184 769 1226 me
791 1163 970 1244 contendit,
1001 1183 1096 1244 quem

78 1247 263 1313 mehercule
292 1249 365 1332 plus
395 1250 532 1332 plusque
561 1250 597 1314 in
629 1250 696 1314 dies
729 1250 837 1336 diligo.
889 1247 922 1314 C.
952 1247 1097 1314 Caelium

80 1341 288 1422 quaestorem
306 1336 369 1401 huo
383 1339 491 1401 venire
515 1337 642 1402 audisti.
680 1336 808 1422 Nesci0,
832 1337 910 1422 quid
933 1338 977 1402 sit
993 1336 1096 1402 homi-

77 1426 140 1490 nis.
188 1422 252 1488 Sed
274 1424 458 1489 Pammenia
480 1425 537 1490 illa
559 1425 641 1490 mihi
667 1447 734 1490 non
760 1426 898 1511 placent.
943 1425 1016 1510 Ego
1043 1449 1096 1490 me

41 1539 64 1580 ιε
79 1534 177 1598 spero
201 1513 339 1577 Athenis
363 1513 433 1578 fore
458 1535 568 1578 mense
592 1512 782 1598 Septembri.
828 1515 971 1578 Tuorum
999 1513 1096 1578 itine-

79 1625 156 1666 rum
184 1605 332 1686 tempora
363 1601 443 1666 seim
474 1623 550 1666 sane
574 1603 679 1666 velim.
725 1602 898 1686 Εὐήθειαν
925 1599 1096 1684 Semproni

78 1690 159 1754 Rufi
182 1691 319 1774 cognovi
342 1711 382 1753 ex
400 1691 540 1774 epistula
554 1696 609 1756 tuo
623 1689 809 1774 Corcyraea.
847 1688 931 1764 Quid
945 1689 1095 1772 quaeris?

79 1778 210 1844 invideo
234 1778 399 1860 potentiae
416 1777 556 1842 Vestori.

149 1864 328 1949 Cupiebam
360 1866 457 1930 etiam
487 1887 573 1931 nunc
609 1867 703 1951 plura
735 1866 872 1951 garrire,
909 1866 965 1930 sed
996 1865 1097 1950 lucet3

43 1981 66 2020 ao
79 1959 177 2040 urget
209 1954 319 2038 turba,
351 1955 483 2036 festinat
515 1954 718 2040 Philogenes.
762 1953 896 2020 Valebis
928 1953 1030 2038 igitur
1063 1957 1095 2017 et

79 2045 189 2110 valere
211 2042 328 2107 Piliam
352 2047 383 2106 et
407 2040 579 2107 Caeciliam
601 2047 747 2108 nostram
770 2043 897 2109 iubebis
919 2042 1039 2106 litteris
1063 2044 1096 2105 et

79 2132 221 2198 salvebis
245 2153 264 2194 a
287 2152 358 2195 meo
382 2128 542 2196 Cicerone.

468 2375 469 2379 ’
559 2359 617 2425 ΠΙ.

154 2481 212 2537 Ser.
231 2483 264 2534 ia
283 2480 382 2537 Calida
399 2499 434 2536 m.
453 2483 518 2536 Iun.
539 2489 602 2536 cate
624 2481 651 2536 V
666 2481 703 2535 K.
726 2480 818 2549 Quint.
838 2497 864 2534 a.
885 2484 939 2536 704
959 2485 1028 2550 (50).

43 2615 68 2655 25
404 2603 532 2660 CICERO
551 2602 682 2658 ATTICO
703 2602 776 2658 sla.

149 2711 225 2778 Etsi
247 2712 295 2776 nil
317 2734 394 2777 sane
415 2713 575 2778 habebam
597 2712 688 2796 novi,
716 2712 802 2795 quod
824 2716 899 2795 post
923 2712 1097 2797 accidisset,
1118 2728 1132 2775 1

85 2823 181 2886 quam
205 2801 362 2865 dedissem
385 2802 425 2865 ad
448 2805 481 2864 te
503 2800 686 2886 Philogeni,
714 2800 833 2864 liberto
863 2804 935 2886 tuo,
962 2800 1099 2886 litterae,

84 2895 206 2973 tamen,
234 2911 306 2952 cum
327 2889 541 2953 Philotimum
562 2887 700 2952 Romam
723 2889 932 2971 remitterem,
960 2888 1098 2952 scriben-

87 2977 163 3042 dum
187 2977 309 3060 aliquid
332 2977 372 3040 ad
394 2982 427 3042 te
450 2977 521 3042 fuit.
567 2978 616 3041 Ac
638 2977 779 3061 primum
806 2977 902 3061 illud,
934 2977 1020 3060 quod
1047 2999 1097 3040 me

46 3092 73 3130 ao
87 3087 234 3130 maxume
257 3066 409 3152 angebat;
436 3087 502 3130 non
530 3088 594 3150 quo
622 3087 673 3129 me
696 3065 818 3149 aliquid
840 3065 950 3129 iuvare
976 3086 1097 3148 posses.

87 3152 223 3239 Quippe3
246 3176 297 3218 res
318 3155 403 3218 enim
422 3154 524 3218 estin
542 3155 700 3238 manibus,
724 3158 760 3219 tu
780 3158 887 3218 autem
907 3152 982 3216 abes
1001 3152 1098 3237 longe

87 3243 243 3326 gentium,

401 3367 524 3431 ‘molid
547 3364 575 3429 δ’
605 3365 641 3430 ἐν
664 3369 842 3452 μεταιχμίῳ

152 3457 249 3531 νότος
271 3456 421 3520 κυλίνδει
444 3452 559 3536 κύματ’
588 3453 717 3538 εὐρείης
740 3454 838 3529 ἁλός]
