2578 3886
279 168 539 222 EPISTULARUM
557 169 607 222 AD
626 169 792 224 ATTICUM
811 170 836 223 X
856 175 880 240 9,
901 171 957 226 9Α,
1064 171 1129 236 309

109 313 242 396 gravia
269 311 308 376 de
338 312 442 376 salute
466 316 498 376 11
521 312 746 377 incolumitate
768 317 826 376 tua
849 313 1006 378 consulas.
1043 313 1130 378 Nam

110 402 187 464 deos
215 401 427 484 hominesque
460 401 699 485 amicitiamque
728 404 874 465 nostram
897 402 1056 466 testificor
1078 425 1129 466 me

109 489 173 553 tibi
192 489 390 572 praedixisse
410 510 515 572 neque
533 493 653 553 temere
671 489 846 574 monuisse,
869 490 933 576 sed,
955 494 1130 573 postquam

110 575 282 641 Caesarem
300 577 503 641 convenerim
522 578 780 660 sententiamque
799 578 877 662 eius,
897 579 1001 661 qualis
1019 579 1130 642 futura

81 669 196 732 cesset
228 669 322 748 parta
353 665 504 750 victoria,
535 666 716 750 cognorim,
747 669 781 730 11
811 666 980 730 certiorem
1006 666 1129 731 fecisse.

111 751 148 817 Si
176 754 343 817 existimas
366 753 499 816 eandem
520 755 680 818 rationem
703 755 772 817 fore
796 752 942 818 Caesaris
964 755 999 817 in
1023 755 1130 818 dimit-

109 841 218 905 tendis
242 841 432 905 adversariis
457 845 489 905 11
512 841 754 906 condicionibus
777 842 925 926 ferendis,
949 865 1049 926 erras3
1082 843 1129 905 ni-

108 929 159 992 hil
181 930 247 994 nisi
270 934 364 994 atrox
387 934 419 993 11
443 951 574 994 saevum
592 930 716 1014 cogitat
735 933 832 1013 atque
850 931 948 994 etiam
969 930 1130 1015 loquitur;

108 1017 215 1081 iratus
244 1017 370 1082 senatui
397 1018 490 1101 exiit,
516 1017 568 1081 his
592 1018 877 1082 intercessionibus
900 1019 994 1102 plane
1017 1020 1130 1083 incita-

67 1134 95 1172 1o
109 1109 165 1169 tus
186 1109 249 1190 111,
266 1128 333 1170 non
350 1106 549 1170 mehercules
569 1107 630 1169 erit
650 1105 868 1188 deprecationi
886 1106 984 1171 locus.
1016 1105 1129 1191 Quare,
1148 1123 1163 1170 2

110 1194 141 1258 si
163 1194 227 1257 tibi
249 1198 300 1277 tu,
328 1194 357 1257 si
379 1194 466 1258 fflius
490 1193 614 1278 unicus,
638 1195 666 1258 11
689 1194 812 1277 domuc,
836 1195 864 1258 si
888 1217 961 1279 spes
984 1200 1129 1260 1111111

108 1283 221 1365 liquae
239 1282 302 1345 tibi
317 1304 407 1346 carae
423 1286 508 1366 sunt,
524 1283 556 1346 ’11
570 1282 693 1364 ahquid
707 1283 793 1365 apud
806 1286 839 1346 11
852 1304 922 1369 nos,
941 1284 969 1346 si
983 1284 1032 1347 vir
1047 1284 1129 1367 opti-

108 1392 195 1456 mus,
214 1391 312 1454 gener
330 1374 416 1455 tuus,
434 1371 589 1456 valemus,
608 1392 746 1454 quorum
763 1371 929 1434 fortunam
946 1393 1013 1434 non
1033 1372 1128 1436 debes

114 1459 199 1523 velle
228 1458 433 1544 conturbare,
460 1459 526 1524 noli
549 1461 742 1544 committere,
773 1463 810 1522 ut
833 1481 903 1522 eam
926 1481 1068 1546 causam,
1094 1460 1130 1524 in

66 1574 93 1613 15
109 1547 230 1630 quoius
254 1546 390 1611 victoria
413 1547 500 1610 salus
522 1550 636 1611 nostra
659 1551 718 1630 cst,
742 1546 846 1611 odisse
869 1550 925 1610 aut
948 1547 1129 1631 relinquere

109 1655 266 1719 cogamur
289 1638 346 1698 aut
368 1635 501 1718 impiam
524 1635 733 1718 cupiditatem
752 1639 864 1698 eontra
883 1634 1020 1698 salutem
1038 1640 1129 1700 tuam

9 1721 10 1728 '
107 1723 297 1788 habeamus.
343 1720 490 1806 Denique
513 1722 595 1786 illud
618 1724 735 1807 cogita,
759 1723 845 1806 quod
869 1723 1009 1787 offensae
1031 1723 1129 1787 fuerit

108 1812 147 1875 in
169 1812 234 1875 1111
257 1811 470 1895 cunctatione,
492 1815 526 1874 11
550 1811 684 1874 subisse.
720 1809 817 1874 Nunc
840 1814 872 1874 11
895 1814 1008 1875 contra
1030 1811 1129 1875 victo-

108 1922 180 1964 rem
204 1897 373 1964 ansarem
400 1899 519 1984 facere,
548 1921 644 1983 quem
672 1899 779 1962 dubiis
807 1899 904 1963 rebus
927 1898 1051 1962 laedere
1072 1921 1129 1963 no-

65 1988 215 2074 soluisti,
237 1991 270 2051 et
294 1987 334 2050 ad
357 2009 412 2052 101
435 1989 566 2071 fugatos
591 1987 745 2073 accedere,
765 2009 847 2070 quos
870 1987 1059 2051 resistentes
1082 2009 1129 2052 se·

109 2076 168 2160 qui
200 2075 359 2162 nolueris,
385 2098 528 2139 summae
557 2077 716 2140 stultitiae
744 2079 801 2139 est.
847 2075 944 2161 Vide,
970 2097 1026 2160 ne,
1053 2075 1130 2139 dum

108 2163 211 2248 pudet
246 2168 280 2227 11
312 2185 427 2247 parum
460 2163 651 2247 optimatem
683 2185 766 2249 esse,
802 2186 917 2247 parum
950 2163 1130 2248 diligenter,

109 2251 191 2336 quid
215 2252 374 2335 optimum
397 2253 450 2336 111,
473 2252 581 2336 eligas.
620 2251 712 2326 Quod
736 2252 764 2315 11
787 2255 894 2315 totum
916 2252 979 2316 tibi
1002 2274 1130 2334 persua-
1149 2270 1164 2316 3

109 2341 185 2404 dere
208 2361 276 2403 non
293 2362 437 2426 possum,
460 2341 584 2425 saltem,
607 2341 693 2424 dum,
717 2340 851 2424 quidde
870 2339 1038 2423 Hispaniis
1058 2362 1130 2425 aga-

64 2455 93 2496 15
108 2449 199 2511 mus,
228 2428 339 2514 scitur,
366 2432 529 2512 exspecta,
562 2450 641 2512 quas
666 2428 728 2492 tibi
749 2429 866 2492 nuntio
891 2428 1031 2492 adventu
1056 2427 1130 2492 an-

110 2517 195 2580 saris
223 2516 292 2580 fore
320 2520 458 2580 nostras.
505 2515 609 2590 Quam
635 2516 693 2580 isti
722 2538 812 2600 spem
838 2516 979 2580 habeant
1003 2517 1130 2582 amissis

109 2603 295 2688 Hispaniis,
321 2604 443 2690 nesci03
476 2604 563 2688 quod
592 2626 689 2688 porro
713 2608 807 2668 tunm
830 2605 1000 2668 consilium
1024 2606 1067 2669 sit
1091 2606 1131 2669 ad

109 2693 299 2775 desperatos
323 2692 479 2777 accedere,
500 2713 567 2757 non
590 2693 715 2756 medius
738 2693 834 2756 fidius
857 2694 991 2776 reperio

179 2779 260 2865 Hoc,
284 2781 369 2864 quod
392 2785 429 2844 tu
452 2802 520 2844 non
539 2780 673 2844 dicendo
691 2780 772 2843 mihi
791 2781 991 2865 significasti,
1014 2779 1166 2846 Caesari

66 2896 95 2936 ao
111 2869 259 2933 audierat
292 2891 342 2955 ac,
375 2868 472 2932 simul
504 2873 601 2952 atque
634 2868 739 2932 ‘have'
771 2869 853 2932 mihi
881 2869 977 2953 dixit,
1010 2870 1131 2955 statim,

110 2957 190 3040 quid
221 2957 259 3020 de
289 2961 321 3020 te
345 2957 499 3043 audisset,
522 2957 680 3041 exposuit.
726 2955 853 3042 Negavi
876 2979 927 3020 me
951 2956 1045 3042 scire,
1076 2958 1132 3021 sed

109 3049 220 3109 tamen
244 3045 284 3108 ab
308 3066 346 3109 10
368 3045 483 3130 petivi,
506 3050 543 3109 ut
567 3045 607 3109 ad
629 3050 663 3108 te
684 3045 812 3110 litteras
834 3046 989 3128 mitteret,
1013 3046 1131 3129 quibus

109 3134 250 3197 maxime
273 3133 313 3196 ad
331 3133 560 3196 remanendum
579 3134 773 3198 commoveri
792 3155 913 3216 posses.
951 3133 1004 3196 Me
1024 3155 1132 3197 secum

109 3221 146 3284 in
168 3221 362 3305 Hispaniam
381 3221 477 3285 ducit.
515 3220 611 3308 Nam,
632 3223 698 3285 nisi
717 3222 764 3285 ita
782 3223 911 3307 faceret,
934 3241 1005 3306 ege,
1027 3222 1131 3303 prius-

64 3336 93 3377 15
110 3331 210 3394 quam
241 3310 282 3373 ad
313 3310 428 3373 urbem
458 3310 652 3395 accederem,
678 3310 872 3393 ubicumque
902 3331 1002 3394 esses,
1029 3308 1070 3371 ad
1099 3312 1131 3371 te

107 3398 381 3482 percucurrissem
409 3401 441 3461 et
468 3397 530 3462 hoc
554 3421 573 3461 a
595 3402 627 3462 11
650 3420 803 3481 praesens
826 3396 1062 3461 contendissem
1086 3400 1131 3459 at

109 3509 173 3570 que
197 3487 286 3550 omni
309 3486 342 3550 vi
365 3490 399 3550 te
422 3485 636 3550 retinuissem.
683 3486 794 3550 Etiam
817 3490 914 3568 atque
939 3484 1047 3568 etiam,
1080 3482 1166 3548 (Ji-a
