2564 3880
152 151 219 216 466
479 149 517 203 Μ.
532 147 640 202 TULLI
659 146 849 202 CICERONIS

640 377 682 442 II.

316 501 372 557 Ser.
387 501 418 555 ia
442 501 574 554 Vesciaao
592 499 655 553 XV
670 499 732 552 Kal.
748 499 814 552 11111.
829 515 856 553 a.
872 500 927 552 710
945 499 1015 565 (44).

460 622 606 677 CICERO
623 621 771 676 ATTICO
788 620 872 676 SAL.

119 753 134 800 1
222 751 270 797 xv
297 731 368 796 Kal.
396 753 414 794 a
448 728 642 795 Sinuessano
675 729 881 813 proficiscens
913 750 986 792 cum
1016 727 1181 792 dedissem

156 822 195 886 ad
225 825 259 885 te
291 821 417 885 litteras
448 819 718 902 devertissemque
745 817 917 900 †acutius,
950 817 985 880 in
1013 815 1179 880 Vesciano
1207 845 1218 884 r

156 910 262 992 accepi
280 931 299 972 a
317 907 488 970 tabellario
506 910 580 970 tuas
598 906 739 990 litteras3
762 907 797 969 in
816 905 934 988 quibus
952 905 1051 988 nimis
1071 905 1182 968 multa

156 998 194 1061 de
217 996 388 1060 Buthroto.
430 992 507 1058 Non
529 995 616 1058 enim
638 994 702 1058 tibi
724 1015 762 1057 ea
784 1014 836 1056 res
860 993 976 1056 maiori
999 1014 1095 1056 curae
1120 996 1180 1056 aut

156 1089 206 1149 est
233 1088 290 1148 aut
317 1083 379 1146 erit
408 1104 505 1165 quam
531 1082 621 1146 mihi
668 1082 721 1146 Sic
749 1082 835 1145 enim
858 1081 948 1144 decet
971 1084 1004 1144 te
1027 1102 1100 1144 mea
1125 1103 1180 1144 cu·

155 1194 236 1255 rare,
258 1176 316 1235 tua
338 1193 398 1235 me.
436 1169 539 1245 Quam
563 1171 604 1234 ob
627 1191 696 1233 rem
718 1169 752 1232 id
774 1169 904 1252 quidem
924 1168 969 1232 sic
988 1173 1179 1252 susceptum

157 1264 206 1325 est
228 1259 318 1342 mihi,
340 1263 377 1322 ut
399 1258 483 1322 nihil
506 1259 568 1322 sim
590 1258 762 1322 habiturus
786 1257 960 1340 antiquius.
1194 1284 1218 1322 10

120 1368 136 1414 2
223 1347 257 1411 L.
277 1346 457 1410 Antonium
481 1347 703 1411 contionatum
722 1367 792 1409 esse
810 1345 948 1429 cognovi
966 1344 1033 1408 tuis
1052 1344 1178 1408 litteris

157 1439 189 1500 et
208 1435 280 1500 aliis
300 1435 439 1518 sordide3
463 1434 528 1520 sed,
551 1435 584 1496 id
603 1433 696 1517 quale
714 1433 822 1517 fuerit,
840 1433 962 1517 nescio3
984 1432 1071 1496 nihil
1089 1433 1180 1496 enim

157 1523 325 1606 scripsisti.
379 1521 429 1586 De
461 1521 648 1586 Menedemo
681 1521 789 1605 probe.
846 1520 985 1596 Quintus
1019 1524 1105 1584 certe
1141 1543 1180 1584 ea

158 1613 299 1697 dictitat,
326 1632 407 1694 quae
431 1611 555 1674 scribis.
601 1609 781 1675 Consilium
804 1631 912 1674 meum
935 1632 955 1673 a
976 1612 1009 1673 te
1032 1608 1180 1692 probari,

158 1700 245 1783 quod
268 1705 311 1763 ea'
327 1721 395 1762 non
417 1699 564 1782 scribam,
588 1719 669 1781 quae
692 1702 730 1760 tu
753 1720 772 1760 a
795 1719 846 1761 me
869 1697 1058 1783 postulone,
1080 1695 1217 1762 faciles

157 1789 273 1871 patior,
295 1788 463 1870 multoque
485 1787 590 1870 magis
608 1786 642 1849 id
660 1785 824 1869 probabis,
849 1786 876 1848 si
895 1785 1076 1850 orationem
1096 1806 1180 1869 eam,

158 1876 196 1939 de
220 1898 283 1959 qua
304 1875 400 1939 hodie
424 1874 465 1939 ad
487 1878 520 1938 te
544 1875 667 1958 scripsi,
694 1873 821 1958 legeris.
868 1873 955 1949 Quae
978 1873 1017 1936 de
1039 1873 1180 1958 legioni·

158 1963 219 2027 bus
249 1963 376 2047 scribis,
409 1985 445 2026 ea
474 1984 550 2026 vera
577 1965 661 2025 sunt.
709 1959 772 2025 Sed
799 1983 878 2025 non·
895 1961 974 2025 satis
1002 1960 1065 2024 hoc
1093 1960 1179 2025 mihi

157 2051 276 2115 videris
298 2051 361 2114 tibi
384 2051 596 2135 persuasisse,
623 2049 680 2132 qui
702 2049 741 2112 de
763 2049 947 2114 Buthrotiis
970 2049 1094 2113 nostris
1117 2071 1179 2132 per

158 2143 306 2202 senatum
334 2160 442 2222 speres
471 2139 583 2203 confici
615 2159 723 2221 posse,
751 2137 868 2221 †quod
896 2141 985 2220 puto.
1032 2136 1179 2200 Tantum
1192 2163 1216 2202 eo

159 2227 243 2290 enim
266 2226 370 2311 video,
390 2248 458 2290 non
480 2226 626 2290 videmur
649 2247 719 2289 esse
736 2225 863 2311 victuri,
887 2225 950 2310 sed,
973 2226 1096 2288 utiam
1114 2246 1178 2288 nos

122 2333 138 2381 3
157 2314 220 2379 hoc
242 2315 345 2399 fallat,
368 2313 405 2376 de
427 2313 591 2377 Buthroto
614 2317 647 2376 te
670 2335 737 2376 non
758 2313 858 2377 fallet.
895 2312 944 2376 De
964 2310 1078 2376 Octavi
1102 2333 1178 2376 con·

158 2403 246 2466 tione
269 2401 354 2465 idem
378 2403 482 2465 sentio
503 2401 590 2485 quod
607 2405 654 2484 tu,
676 2401 890 2484 ludorumque
909 2401 978 2465 eius
998 2405 1177 2484 apparatus

158 2493 190 2552 et
213 2489 334 2552 Matius
354 2510 390 2553 ac
406 2489 581 2554 Postumus
600 2488 680 2552 mihi
704 2493 929 2572 procuratores
947 2481 1013 2552 non
1031 2488 1177 2572 placent;

158 2573 295 2640 Saserna
318 2576 441 2661 collega
463 2578 589 2660 dignus.
627 2575 689 2639 Sed
712 2577 769 2640 isti
788 2599 908 2661 omnes,
932 2599 1028 2660 quem
1047 2577 1088 2639 ad
1107 2598 1176 2640 mo·
1190 2599 1214 2640 aa

122 2681 126 2689 ·
157 2664 233 2727 dum
257 2663 367 2747 sentis,
389 2685 456 2729 non
478 2666 585 2728 minus
609 2665 714 2728 otium
737 2665 854 2730 timent
878 2687 975 2748 quam
995 2686 1057 2728 nos
1076 2687 1176 2730 arma.
1230 2687 1231 2690 ¹

156 2750 297 2815 Balbum
319 2751 420 2816 levari
443 2753 564 2816 invidia
586 2775 644 2836 per
665 2775 726 2816 nos
749 2753 856 2838 velim,
879 2753 934 2817 sed
956 2774 997 2817 ne
1015 2753 1086 2835 ipse
1105 2753 1177 2835 qui·

158 2839 230 2903 dem
253 2838 285 2902 id
309 2840 379 2903 fieri
401 2861 496 2923 posse
519 2841 660 2905 confidit.
706 2839 821 2924 Itaque
844 2841 907 2904 alia
930 2841 1062 2924 cogitat.

119 2945 139 2991 4
225 2925 316 3001 Quod
335 2927 440 3010 prima
459 2929 637 3011 disputatio
652 2927 834 2993 Tusculana
851 2933 884 2993 te
903 2929 1083 3010 confirmat,
1098 2949 1174 2991 sane

157 3014 295 3098 gaude03
327 3036 430 3098 neque
459 3017 543 3080 enim
571 3017 674 3079 ullum
702 3020 750 3080 est
773 3017 957 3102 perfugium
980 3020 1036 3080 aut
1058 3016 1174 3079 melius
1188 3039 1212 3078 ao

158 3106 215 3165 aut
242 3103 396 3185 paratius.
442 3101 587 3167 Flamma
615 3104 701 3186 quod
724 3104 805 3168 bene
827 3105 988 3188 loquitur,
1014 3125 1082 3167 non
1105 3124 1174 3167 mo-

157 3189 238 3253 leste
261 3190 337 3254 fero.
375 3190 668 3274 Tyndaritanorum
692 3213 796 3275 causa,
820 3193 858 3256 de
882 3215 945 3276 qua
968 3213 1065 3256 causa
1087 3191 1175 3255 labo-

158 3282 223 3362 rat,
255 3298 336 3359 quae
370 3278 426 3361 sit,
458 3279 582 3362 ignoro.
633 3278 703 3342 Hos
732 3283 841 3343 tamen
868 3280 894 3344 ²¹⁸.
947 3279 1174 3345 Πεντέλοιπον

158 3385 286 3428 movere
309 3366 374 3428 ista
396 3365 555 3450 videntur,
578 3365 612 3427 in
630 3365 743 3448 primis
763 3369 908 3453 erogatio
927 3369 1089 3451 pecuniae.
1127 3366 1174 3430 De

156 3449 316 3515 Alexione
341 3453 443 3538 doleo,
466 3453 530 3539 sed,
554 3452 706 3535 quoniam
730 3454 885 3520 inciderat
904 3456 939 3520 in
957 3459 1025 3520 tam
1044 3475 1173 3540 gravem
1186 3475 1210 3516 11
1264 3475 1265 3564 p
