<?xml version="1.0" encoding="UTF-8"?>
<!DOCTYPE html PUBLIC "-//W3C//DTD XHTML 1.0 Transitional//EN"
    "http://www.w3.org/TR/xhtml1/DTD/xhtml1-transitional.dtd">
<html xmlns="http://www.w3.org/1999/xhtml" xml:lang="en" lang="en">
 <head>
  <title>
</title>
<meta http-equiv="Content-Type" content="text/html;charset=utf-8" />
  <meta name='ocr-system' content='tesseract 3.04.00' />
  <meta name='ocr-capabilities' content='ocr_page ocr_carea ocr_par ocr_line ocrx_word'/>
</head>
<body>
  <div class='ocr_page' id='page_1' title='image "./scriptaquaemans00mullgoog_0204.png"; bbox 0 0 2568 3888; ppageno 0'>
   <div class='ocr_carea' id='block_1_1' title="bbox 255 843 909 992">
    <p class='ocr_par' dir='ltr' id='par_1_1' title="bbox 255 843 928 1016">
     <span class='ocr_line' id='line_1_1' title="bbox 255 843 909 992; baseline 0.001 -2"><span class='ocrx_word' id='word_1_1' title='bbox 255 908 321 990; x_wconf 89' lang='lat' dir='ltr'>M.</span> <span class='ocrx_word' id='word_1_2' title='bbox 348 907 541 988; x_wconf 78' lang='lat' dir='ltr'>suum</span> <span class='ocrx_word' id='word_1_3' title='bbox 567 843 909 992; x_wconf 73' lang='lat' dir='ltr'>cressonis</span> 
     </span>
    </p>
   </div>
   <div class='ocr_carea' id='block_1_2' title="bbox 194 1067 966 1288">
    <p class='ocr_par' dir='ltr' id='par_1_2' title="bbox 194 1067 966 1288">
     <span class='ocr_line' id='line_1_2' title="bbox 194 1067 966 1143; baseline 0.004 -3"><span class='ocrx_word' id='word_1_4' title='bbox 194 1067 597 1140; x_wconf 79' lang='lat' dir='ltr'><strong>EPISTULARUM</strong></span> <span class='ocrx_word' id='word_1_5' title='bbox 624 1067 694 1140; x_wconf 81' lang='lat' dir='ltr'>AD</span> <span class='ocrx_word' id='word_1_6' title='bbox 722 1068 966 1143; x_wconf 80' lang='lat' dir='ltr'>ATTICUM</span> 
     </span>
     <span class='ocr_line' id='line_1_3' title="bbox 389 1220 789 1288; baseline 0.008 -3"><span class='ocrx_word' id='word_1_7' title='bbox 389 1220 522 1286; x_wconf 82' lang='lat' dir='ltr'>LIBER</span> <span class='ocrx_word' id='word_1_8' title='bbox 547 1220 789 1288; x_wconf 74' lang='lat' dir='ltr'>SECUNDUS.</span> 
     </span>
    </p>
   </div>
   <div class='ocr_carea' id='block_1_3' title="bbox 535 1401 644 1409">
    <p class='ocr_par' dir='ltr' id='par_1_3' title="bbox 535 1401 644 1409">
     <span class='ocr_line' id='line_1_4' title="bbox 535 1401 644 1409; baseline 0 0"><span class='ocrx_word' id='word_1_9' title='bbox 535 1401 644 1409; x_wconf 64' lang='lat' dir='ltr'>-nn</span> 
     </span>
    </p>
   </div>
   <div class='ocr_carea' id='block_1_4' title="bbox 57 1520 856 1712">
    <p class='ocr_par' dir='ltr' id='par_1_4' title="bbox 57 1520 856 1712">
     <span class='ocr_line' id='line_1_5' title="bbox 577 1520 601 1586; baseline -0.042 0"><span class='ocrx_word' id='word_1_10' title='bbox 577 1520 601 1586; x_wconf 89' lang='grc' dir='ltr'>Ι.</span> 
     </span>
     <span class='ocr_line' id='line_1_6' title="bbox 57 1641 856 1712; baseline 0.01 -22"><span class='ocrx_word' id='word_1_11' title='bbox 57 1650 66 1690; x_wconf 77' lang='lat' dir='ltr'>s</span> <span class='ocrx_word' id='word_1_12' title='bbox 325 1641 383 1697; x_wconf 77' lang='lat' dir='ltr'>Ser.</span> <span class='ocrx_word' id='word_1_13' title='bbox 403 1643 507 1697; x_wconf 81' lang='lat' dir='ltr'>Romae</span> <span class='ocrx_word' id='word_1_14' title='bbox 526 1660 560 1696; x_wconf 87' lang='lat' dir='ltr'>m.</span> <span class='ocrx_word' id='word_1_15' title='bbox 579 1644 644 1698; x_wconf 72' lang='lat' dir='ltr'>Iun.</span> <span class='ocrx_word' id='word_1_16' title='bbox 665 1659 690 1697; x_wconf 84' lang='lat' dir='ltr'>a.</span> <span class='ocrx_word' id='word_1_17' title='bbox 712 1648 766 1698; x_wconf 77' lang='lat'>694</span> <span class='ocrx_word' id='word_1_18' title='bbox 786 1647 856 1712; x_wconf 81' lang='lat'><em>(60).</em></span> 
     </span>
    </p>
   </div>
   <div class='ocr_carea' id='block_1_5' title="bbox 402 1764 776 1820">
    <p class='ocr_par' dir='ltr' id='par_1_5' title="bbox 402 1764 776 1820">
     <span class='ocr_line' id='line_1_7' title="bbox 402 1764 776 1820; baseline 0 0"><span class='ocrx_word' id='word_1_19' title='bbox 402 1764 531 1820; x_wconf 81' lang='lat' dir='ltr'>CICERO</span> <span class='ocrx_word' id='word_1_20' title='bbox 550 1764 682 1820; x_wconf 80' lang='lat' dir='ltr'>ATTICO</span> <span class='ocrx_word' id='word_1_21' title='bbox 702 1765 776 1820; x_wconf 79' lang='lat' dir='ltr'>SAL.</span> 
     </span>
    </p>
   </div>
   <div class='ocr_carea' id='block_1_6' title="bbox 53 1873 1202 3549">
    <p class='ocr_par' dir='ltr' id='par_1_6' title="bbox 81 1873 1134 2116">
     <span class='ocr_line' id='line_1_8' title="bbox 137 1873 1134 1959; baseline 0.001 -21"><span class='ocrx_word' id='word_1_22' title='bbox 137 1873 207 1939; x_wconf 89' lang='lat' dir='ltr'>Kal.</span> <span class='ocrx_word' id='word_1_23' title='bbox 223 1874 335 1939; x_wconf 86' lang='lat' dir='ltr'>Iuniis</span> <span class='ocrx_word' id='word_1_24' title='bbox 356 1875 445 1938; x_wconf 88' lang='lat' dir='ltr'>eunti</span> <span class='ocrx_word' id='word_1_25' title='bbox 463 1875 545 1939; x_wconf 92' lang='lat' dir='ltr'>mihi</span> <span class='ocrx_word' id='word_1_26' title='bbox 558 1873 697 1938; x_wconf 82' lang='lat' dir='ltr'>Antium</span> <span class='ocrx_word' id='word_1_27' title='bbox 715 1879 748 1938; x_wconf 86' lang='lat' dir='ltr'>et</span> <span class='ocrx_word' id='word_1_28' title='bbox 762 1874 956 1959; x_wconf 76' lang='lat' dir='ltr'>gladiatores</span> <span class='ocrx_word' id='word_1_29' title='bbox 976 1873 1019 1938; x_wconf 91' lang='lat' dir='ltr'>M.</span> <span class='ocrx_word' id='word_1_30' title='bbox 1034 1873 1099 1938; x_wconf 88' lang='lat' dir='ltr'>Me·</span> <span class='ocrx_word' id='word_1_31' title='bbox 1119 1892 1134 1939; x_wconf 93' lang='lat'>1</span> 
     </span>
     <span class='ocr_line' id='line_1_9' title="bbox 81 1961 1099 2046; baseline 0.004 -23"><span class='ocrx_word' id='word_1_32' title='bbox 81 1961 142 2024; x_wconf 83' lang='lat' dir='ltr'>tolli</span> <span class='ocrx_word' id='word_1_33' title='bbox 171 1963 293 2046; x_wconf 89' lang='lat' dir='ltr'>cupide</span> <span class='ocrx_word' id='word_1_34' title='bbox 325 1963 521 2046; x_wconf 74' lang='lat' dir='ltr'>relinquenti</span> <span class='ocrx_word' id='word_1_35' title='bbox 551 1964 640 2026; x_wconf 87' lang='lat' dir='ltr'>venit</span> <span class='ocrx_word' id='word_1_36' title='bbox 666 1963 796 2028; x_wconf 77' lang='lat' dir='ltr'>obviam</span> <span class='ocrx_word' id='word_1_37' title='bbox 826 1965 902 2027; x_wconf 86' lang='lat' dir='ltr'>tuus</span> <span class='ocrx_word' id='word_1_38' title='bbox 933 1983 1021 2046; x_wconf 89' lang='lat' dir='ltr'>puer.</span> <span class='ocrx_word' id='word_1_39' title='bbox 1066 1961 1099 2027; x_wconf 91' lang='lat' dir='ltr'>Is</span> 
     </span>
     <span class='ocr_line' id='line_1_10' title="bbox 81 2048 1100 2116; baseline 0.003 -5"><span class='ocrx_word' id='word_1_40' title='bbox 81 2048 152 2114; x_wconf 89' lang='lat' dir='ltr'>mihi</span> <span class='ocrx_word' id='word_1_41' title='bbox 174 2051 311 2116; x_wconf 87' lang='lat' dir='ltr'>litteras</span> <span class='ocrx_word' id='word_1_42' title='bbox 337 2051 395 2115; x_wconf 88' lang='lat' dir='ltr'>abs</span> <span class='ocrx_word' id='word_1_43' title='bbox 418 2054 452 2114; x_wconf 87' lang='lat' dir='ltr'>te</span> <span class='ocrx_word' id='word_1_44' title='bbox 480 2055 513 2115; x_wconf 89' lang='lat' dir='ltr'>et</span> <span class='ocrx_word' id='word_1_45' title='bbox 536 2051 803 2115; x_wconf 87' lang='lat' dir='ltr'>commentarium</span> <span class='ocrx_word' id='word_1_46' title='bbox 826 2051 1013 2116; x_wconf 89' lang='lat' dir='ltr'>consulatus</span> <span class='ocrx_word' id='word_1_47' title='bbox 1037 2051 1100 2116; x_wconf 90' lang='lat' dir='ltr'>mei</span> 
     </span>
    </p>

    <p class='ocr_par' dir='ltr' id='par_1_7' title="bbox 53 2133 1101 2580">
     <span class='ocr_line' id='line_1_11' title="bbox 53 2133 1101 2223; baseline 0.006 -25"><span class='ocrx_word' id='word_1_48' title='bbox 53 2161 72 2198; x_wconf 83' lang='lat' dir='ltr'>u</span> <span class='ocrx_word' id='word_1_49' title='bbox 83 2133 193 2203; x_wconf 81' lang='lat' dir='ltr'>Graece</span> <span class='ocrx_word' id='word_1_50' title='bbox 224 2139 389 2222; x_wconf 86' lang='lat' dir='ltr'>scriptum</span> <span class='ocrx_word' id='word_1_51' title='bbox 416 2139 563 2203; x_wconf 89' lang='lat' dir='ltr'>reddidit.</span> <span class='ocrx_word' id='word_1_52' title='bbox 614 2137 654 2203; x_wconf 92' lang='lat' dir='ltr'>In</span> <span class='ocrx_word' id='word_1_53' title='bbox 684 2161 748 2223; x_wconf 91' lang='lat' dir='ltr'>quo</span> <span class='ocrx_word' id='word_1_54' title='bbox 779 2139 919 2203; x_wconf 85' lang='lat' dir='ltr'>laetatus</span> <span class='ocrx_word' id='word_1_55' title='bbox 950 2161 1022 2204; x_wconf 88' lang='lat' dir='ltr'>sum</span> <span class='ocrx_word' id='word_1_56' title='bbox 1048 2161 1101 2204; x_wconf 89' lang='lat' dir='ltr'>me</span> 
     </span>
     <span class='ocr_line' id='line_1_12' title="bbox 83 2225 1101 2312; baseline 0.005 -24"><span class='ocrx_word' id='word_1_57' title='bbox 83 2225 241 2308; x_wconf 84' lang='lat' dir='ltr'>aliquanto</span> <span class='ocrx_word' id='word_1_58' title='bbox 271 2231 347 2291; x_wconf 88' lang='lat' dir='ltr'>ante</span> <span class='ocrx_word' id='word_1_59' title='bbox 374 2227 413 2291; x_wconf 92' lang='lat' dir='ltr'>de</span> <span class='ocrx_word' id='word_1_60' title='bbox 442 2228 544 2291; x_wconf 88' lang='lat' dir='ltr'>isdem</span> <span class='ocrx_word' id='word_1_61' title='bbox 574 2227 671 2292; x_wconf 86' lang='lat' dir='ltr'>rebus</span> <span class='ocrx_word' id='word_1_62' title='bbox 696 2225 815 2292; x_wconf 80' lang='lat' dir='ltr'>Graece</span> <span class='ocrx_word' id='word_1_63' title='bbox 841 2228 921 2292; x_wconf 88' lang='lat' dir='ltr'>item</span> <span class='ocrx_word' id='word_1_64' title='bbox 944 2229 1101 2312; x_wconf 89' lang='lat' dir='ltr'>scriptum</span> 
     </span>
     <span class='ocr_line' id='line_1_13' title="bbox 82 2311 1101 2402; baseline 0.005 -27"><span class='ocrx_word' id='word_1_65' title='bbox 82 2311 194 2380; x_wconf 89' lang='lat' dir='ltr'>librum</span> <span class='ocrx_word' id='word_1_66' title='bbox 219 2315 260 2380; x_wconf 87' lang='lat' dir='ltr'>L.</span> <span class='ocrx_word' id='word_1_67' title='bbox 287 2313 436 2380; x_wconf 74' lang='lat' dir='ltr'>Cossinio</span> <span class='ocrx_word' id='word_1_68' title='bbox 466 2317 507 2380; x_wconf 86' lang='lat' dir='ltr'>ad</span> <span class='ocrx_word' id='word_1_69' title='bbox 534 2319 566 2380; x_wconf 86' lang='lat' dir='ltr'>te</span> <span class='ocrx_word' id='word_1_70' title='bbox 594 2315 822 2399; x_wconf 83' lang='lat' dir='ltr'>perferundum</span> <span class='ocrx_word' id='word_1_71' title='bbox 849 2316 987 2402; x_wconf 82' lang='lat' dir='ltr'>dedisse3</span> <span class='ocrx_word' id='word_1_72' title='bbox 1015 2338 1101 2400; x_wconf 91' lang='lat' dir='ltr'>nam,</span> 
     </span>
     <span class='ocr_line' id='line_1_14' title="bbox 85 2401 1100 2490; baseline 0.006 -28"><span class='ocrx_word' id='word_1_73' title='bbox 85 2401 109 2464; x_wconf 90' lang='lat' dir='ltr'>si</span> <span class='ocrx_word' id='word_1_74' title='bbox 129 2423 186 2488; x_wconf 81' lang='lat' dir='ltr'>ego</span> <span class='ocrx_word' id='word_1_75' title='bbox 210 2408 311 2468; x_wconf 85' lang='lat' dir='ltr'>tuum</span> <span class='ocrx_word' id='word_1_76' title='bbox 335 2407 410 2468; x_wconf 86' lang='lat' dir='ltr'>ante</span> <span class='ocrx_word' id='word_1_77' title='bbox 436 2403 602 2490; x_wconf 80' lang='lat' dir='ltr'>legissem,</span> <span class='ocrx_word' id='word_1_78' title='bbox 632 2404 777 2468; x_wconf 80' lang='lat' dir='ltr'>furatum</span> <span class='ocrx_word' id='word_1_79' title='bbox 806 2426 857 2468; x_wconf 90' lang='lat' dir='ltr'>me</span> <span class='ocrx_word' id='word_1_80' title='bbox 885 2404 942 2468; x_wconf 89' lang='lat' dir='ltr'>abs</span> <span class='ocrx_word' id='word_1_81' title='bbox 970 2408 1004 2468; x_wconf 90' lang='lat' dir='ltr'>te</span> <span class='ocrx_word' id='word_1_82' title='bbox 1031 2426 1100 2470; x_wconf 84' lang='lat' dir='ltr'>esse</span> 
     </span>
     <span class='ocr_line' id='line_1_15' title="bbox 86 2488 1100 2580; baseline 0.005 -29"><span class='ocrx_word' id='word_1_83' title='bbox 86 2488 205 2556; x_wconf 85' lang='lat' dir='ltr'>diceres.</span> <span class='ocrx_word' id='word_1_84' title='bbox 246 2491 452 2574; x_wconf 84' lang='lat' dir='ltr'>Quamquam</span> <span class='ocrx_word' id='word_1_85' title='bbox 475 2496 532 2556; x_wconf 86' lang='lat' dir='ltr'>tua</span> <span class='ocrx_word' id='word_1_86' title='bbox 554 2492 613 2555; x_wconf 86' lang='lat' dir='ltr'>illa</span> <span class='ocrx_word' id='word_1_87' title='bbox 628 2490 707 2578; x_wconf 85' lang='lat' dir='ltr'>(legi</span> <span class='ocrx_word' id='word_1_88' title='bbox 726 2492 812 2556; x_wconf 83' lang='lat' dir='ltr'>enim</span> <span class='ocrx_word' id='word_1_89' title='bbox 830 2489 983 2580; x_wconf 76' lang='lat' dir='ltr'>libenter)</span> <span class='ocrx_word' id='word_1_90' title='bbox 998 2492 1100 2557; x_wconf 87' lang='lat' dir='ltr'>horri-</span> 
     </span>
    </p>

    <p class='ocr_par' dir='ltr' id='par_1_8' title="bbox 56 2576 1202 3016">
     <span class='ocr_line' id='line_1_16' title="bbox 56 2576 1100 2665; baseline 0.008 -28"><span class='ocrx_word' id='word_1_91' title='bbox 56 2576 153 2642; x_wconf 83' lang='lat' dir='ltr'>sdula</span> <span class='ocrx_word' id='word_1_92' title='bbox 175 2581 262 2644; x_wconf 84' lang='lat' dir='ltr'>mihi</span> <span class='ocrx_word' id='word_1_93' title='bbox 286 2583 383 2664; x_wconf 86' lang='lat' dir='ltr'>atque</span> <span class='ocrx_word' id='word_1_94' title='bbox 406 2580 570 2664; x_wconf 86' lang='lat' dir='ltr'>incompta</span> <span class='ocrx_word' id='word_1_95' title='bbox 593 2580 663 2644; x_wconf 81' lang='lat' dir='ltr'>visa</span> <span class='ocrx_word' id='word_1_96' title='bbox 687 2584 776 2665; x_wconf 89' lang='lat' dir='ltr'>sunt,</span> <span class='ocrx_word' id='word_1_97' title='bbox 800 2581 856 2645; x_wconf 86' lang='lat' dir='ltr'>sed</span> <span class='ocrx_word' id='word_1_98' title='bbox 878 2584 987 2644; x_wconf 86' lang='lat' dir='ltr'>tamen</span> <span class='ocrx_word' id='word_1_99' title='bbox 1009 2586 1100 2645; x_wconf 84' lang='lat' dir='ltr'>orant</span> 
     </span>
     <span class='ocr_line' id='line_1_17' title="bbox 86 2668 1101 2754; baseline 0.004 -26"><span class='ocrx_word' id='word_1_100' title='bbox 86 2671 191 2732; x_wconf 85' lang='lat' dir='ltr'>ornata</span> <span class='ocrx_word' id='word_1_101' title='bbox 220 2669 288 2732; x_wconf 89' lang='lat' dir='ltr'>hoc</span> <span class='ocrx_word' id='word_1_102' title='bbox 317 2668 402 2752; x_wconf 90' lang='lat' dir='ltr'>ipso,</span> <span class='ocrx_word' id='word_1_103' title='bbox 434 2668 521 2752; x_wconf 90' lang='lat' dir='ltr'>quod</span> <span class='ocrx_word' id='word_1_104' title='bbox 545 2672 734 2733; x_wconf 87' lang='lat' dir='ltr'>ornamenta</span> <span class='ocrx_word' id='word_1_105' title='bbox 756 2669 979 2754; x_wconf 82' lang='lat' dir='ltr'>neglexerant,</span> <span class='ocrx_word' id='word_1_106' title='bbox 1009 2672 1041 2732; x_wconf 88' lang='lat' dir='ltr'>et</span> <span class='ocrx_word' id='word_1_107' title='bbox 1063 2673 1101 2733; x_wconf 88' lang='lat' dir='ltr'>ut</span> 
     </span>
     <span class='ocr_line' id='line_1_18' title="bbox 86 2755 1101 2840; baseline 0.004 -24"><span class='ocrx_word' id='word_1_108' title='bbox 86 2755 226 2820; x_wconf 87' lang='lat' dir='ltr'>mulieres</span> <span class='ocrx_word' id='word_1_109' title='bbox 254 2756 327 2820; x_wconf 89' lang='lat' dir='ltr'>ideo</span> <span class='ocrx_word' id='word_1_110' title='bbox 351 2757 432 2821; x_wconf 89' lang='lat' dir='ltr'>bene</span> <span class='ocrx_word' id='word_1_111' title='bbox 456 2757 556 2840; x_wconf 87' lang='lat' dir='ltr'>olere,</span> <span class='ocrx_word' id='word_1_112' title='bbox 579 2757 656 2840; x_wconf 86' lang='lat' dir='ltr'>quia</span> <span class='ocrx_word' id='word_1_113' title='bbox 678 2755 762 2820; x_wconf 90' lang='lat' dir='ltr'>nihil</span> <span class='ocrx_word' id='word_1_114' title='bbox 785 2758 929 2835; x_wconf 89' lang='lat' dir='ltr'>olebant,</span> <span class='ocrx_word' id='word_1_115' title='bbox 951 2757 1101 2821; x_wconf 82' lang='lat' dir='ltr'>videban-</span> 
     </span>
     <span class='ocr_line' id='line_1_19' title="bbox 87 2842 1202 2930; baseline 0.005 -27"><span class='ocrx_word' id='word_1_116' title='bbox 87 2843 142 2905; x_wconf 90' lang='lat' dir='ltr'>tur.</span> <span class='ocrx_word' id='word_1_117' title='bbox 184 2843 281 2908; x_wconf 89' lang='lat' dir='ltr'>Meus</span> <span class='ocrx_word' id='word_1_118' title='bbox 313 2847 421 2908; x_wconf 86' lang='lat' dir='ltr'>autem</span> <span class='ocrx_word' id='word_1_119' title='bbox 450 2844 534 2908; x_wconf 88' lang='lat' dir='ltr'>liber</span> <span class='ocrx_word' id='word_1_120' title='bbox 565 2848 674 2908; x_wconf 85' lang='lat' dir='ltr'>totum</span> <span class='ocrx_word' id='word_1_121' title='bbox 700 2842 836 2910; x_wconf 82' lang='lat' dir='ltr'>leocrati</span> <span class='ocrx_word' id='word_1_122' title='bbox 865 2845 1101 2929; x_wconf 86' lang='lat' dir='ltr'>myrothecium</span> <span class='ocrx_word' id='word_1_123' title='bbox 1200 2927 1202 2930; x_wconf 16' lang='grc' dir='ltr'>Ι</span> 
     </span>
     <span class='ocr_line' id='line_1_20' title="bbox 90 2933 1101 3016; baseline 0.007 -26"><span class='ocrx_word' id='word_1_124' title='bbox 90 2933 176 3014; x_wconf 84' lang='lat' dir='ltr'>atque</span> <span class='ocrx_word' id='word_1_125' title='bbox 200 2954 313 2998; x_wconf 89' lang='lat' dir='ltr'>omnes</span> <span class='ocrx_word' id='word_1_126' title='bbox 342 2933 410 2996; x_wconf 89' lang='lat' dir='ltr'>eius</span> <span class='ocrx_word' id='word_1_127' title='bbox 438 2933 670 3016; x_wconf 88' lang='lat' dir='ltr'>discipulorum</span> <span class='ocrx_word' id='word_1_128' title='bbox 701 2934 825 2998; x_wconf 82' lang='lat' dir='ltr'>arculas</span> <span class='ocrx_word' id='word_1_129' title='bbox 856 2956 893 2998; x_wconf 90' lang='lat' dir='ltr'>ac</span> <span class='ocrx_word' id='word_1_130' title='bbox 921 2954 989 2998; x_wconf 92' lang='lat' dir='ltr'>non</span> <span class='ocrx_word' id='word_1_131' title='bbox 1017 2934 1101 2998; x_wconf 89' lang='lat' dir='ltr'>nihil</span> 
     </span>
    </p>

    <p class='ocr_par' dir='ltr' id='par_1_9' title="bbox 58 3018 1137 3459">
     <span class='ocr_line' id='line_1_21' title="bbox 58 3018 1102 3105; baseline 0.01 -29"><span class='ocrx_word' id='word_1_132' title='bbox 58 3037 79 3076; x_wconf 80' lang='lat' dir='ltr'>so</span> <span class='ocrx_word' id='word_1_133' title='bbox 90 3018 179 3084; x_wconf 84' lang='lat' dir='ltr'>etiam</span> <span class='ocrx_word' id='word_1_134' title='bbox 196 3019 391 3086; x_wconf 81' lang='lat' dir='ltr'>Aristotelia</span> <span class='ocrx_word' id='word_1_135' title='bbox 409 3022 576 3105; x_wconf 84' lang='lat' dir='ltr'>pigmenta</span> <span class='ocrx_word' id='word_1_136' title='bbox 595 3023 804 3104; x_wconf 78' lang='lat' dir='ltr'>consumpsit.</span> <span class='ocrx_word' id='word_1_137' title='bbox 843 3021 946 3097; x_wconf 81' lang='lat' dir='ltr'>Quem</span> <span class='ocrx_word' id='word_1_138' title='bbox 967 3025 1006 3086; x_wconf 86' lang='lat' dir='ltr'>tu</span> <span class='ocrx_word' id='word_1_139' title='bbox 1025 3020 1102 3086; x_wconf 84' lang='lat' dir='ltr'>Cor·</span> 
     </span>
     <span class='ocr_line' id='line_1_22' title="bbox 92 3109 1102 3196; baseline 0.002 -24"><span class='ocrx_word' id='word_1_140' title='bbox 92 3124 184 3192; x_wconf 81' lang='lat' dir='ltr'>cyrae,</span> <span class='ocrx_word' id='word_1_141' title='bbox 206 3113 243 3173; x_wconf 86' lang='lat' dir='ltr'>ut</span> <span class='ocrx_word' id='word_1_142' title='bbox 266 3109 349 3174; x_wconf 90' lang='lat' dir='ltr'>mihi</span> <span class='ocrx_word' id='word_1_143' title='bbox 368 3109 440 3174; x_wconf 87' lang='lat' dir='ltr'>aliis</span> <span class='ocrx_word' id='word_1_144' title='bbox 458 3109 579 3174; x_wconf 86' lang='lat' dir='ltr'>litteris</span> <span class='ocrx_word' id='word_1_145' title='bbox 595 3111 768 3196; x_wconf 83' lang='lat' dir='ltr'>significas,</span> <span class='ocrx_word' id='word_1_146' title='bbox 791 3110 933 3174; x_wconf 88' lang='lat' dir='ltr'>strictim</span> <span class='ocrx_word' id='word_1_147' title='bbox 950 3111 1102 3196; x_wconf 79' lang='lat' dir='ltr'>attigisti,</span> 
     </span>
     <span class='ocr_line' id='line_1_23' title="bbox 91 3196 1101 3282; baseline 0.006 -26"><span class='ocrx_word' id='word_1_148' title='bbox 91 3199 158 3274; x_wconf 86' lang='lat' dir='ltr'>post</span> <span class='ocrx_word' id='word_1_149' title='bbox 179 3201 300 3282; x_wconf 88' lang='lat' dir='ltr'>autem,</span> <span class='ocrx_word' id='word_1_150' title='bbox 328 3200 366 3261; x_wconf 88' lang='lat' dir='ltr'>ut</span> <span class='ocrx_word' id='word_1_151' title='bbox 389 3196 546 3282; x_wconf 80' lang='lat' dir='ltr'>arbitror,</span> <span class='ocrx_word' id='word_1_152' title='bbox 574 3221 593 3262; x_wconf 89' lang='lat' dir='ltr'>a</span> <span class='ocrx_word' id='word_1_153' title='bbox 617 3196 766 3262; x_wconf 87' lang='lat' dir='ltr'>Cossinio</span> <span class='ocrx_word' id='word_1_154' title='bbox 791 3199 951 3282; x_wconf 86' lang='lat' dir='ltr'>accepisti.</span> <span class='ocrx_word' id='word_1_155' title='bbox 999 3197 1101 3274; x_wconf 81' lang='lat' dir='ltr'>Quem</span> 
     </span>
     <span class='ocr_line' id='line_1_24' title="bbox 94 3279 1103 3372; baseline 0.007 -29"><span class='ocrx_word' id='word_1_156' title='bbox 94 3279 149 3346; x_wconf 87' lang='lat' dir='ltr'>tibi</span> <span class='ocrx_word' id='word_1_157' title='bbox 169 3306 227 3369; x_wconf 80' lang='lat' dir='ltr'>ego</span> <span class='ocrx_word' id='word_1_158' title='bbox 249 3308 319 3350; x_wconf 91' lang='lat' dir='ltr'>non</span> <span class='ocrx_word' id='word_1_159' title='bbox 341 3307 443 3350; x_wconf 87' lang='lat' dir='ltr'>essem</span> <span class='ocrx_word' id='word_1_160' title='bbox 466 3308 564 3350; x_wconf 75' lang='lat' dir='ltr'>ausus</span> <span class='ocrx_word' id='word_1_161' title='bbox 592 3287 735 3372; x_wconf 87' lang='lat' dir='ltr'>mittere,</span> <span class='ocrx_word' id='word_1_162' title='bbox 763 3287 828 3350; x_wconf 90' lang='lat' dir='ltr'>nisi</span> <span class='ocrx_word' id='word_1_163' title='bbox 855 3308 930 3350; x_wconf 91' lang='lat' dir='ltr'>eum</span> <span class='ocrx_word' id='word_1_164' title='bbox 955 3286 1043 3350; x_wconf 86' lang='lat' dir='ltr'>lente</span> <span class='ocrx_word' id='word_1_165' title='bbox 1066 3308 1103 3350; x_wconf 88' lang='lat' dir='ltr'>ac</span> 
     </span>
     <span class='ocr_line' id='line_1_25' title="bbox 93 3367 1137 3459; baseline 0.004 -27"><span class='ocrx_word' id='word_1_166' title='bbox 93 3367 248 3438; x_wconf 81' lang='lat' dir='ltr'>fastidiose</span> <span class='ocrx_word' id='word_1_167' title='bbox 265 3374 498 3459; x_wconf 86' lang='lat' dir='ltr'>probavissem.</span> <span class='ocrx_word' id='word_1_168' title='bbox 535 3374 739 3458; x_wconf 80' lang='lat' dir='ltr'>Quamquam</span> <span class='ocrx_word' id='word_1_169' title='bbox 758 3374 798 3438; x_wconf 90' lang='lat' dir='ltr'>ad</span> <span class='ocrx_word' id='word_1_170' title='bbox 816 3389 868 3437; x_wconf 85' lang='lat' dir='ltr'>me</span> <span class='ocrx_word' id='word_1_171' title='bbox 887 3373 1018 3456; x_wconf 75' lang='lat' dir='ltr'>scripsit</span> <span class='ocrx_word' id='word_1_172' title='bbox 1037 3374 1100 3437; x_wconf 87' lang='lat' dir='ltr'>iam</span> <span class='ocrx_word' id='word_1_173' title='bbox 1121 3391 1137 3436; x_wconf 76' lang='lat' dir='ltr'>a</span> 
     </span>
    </p>

    <p class='ocr_par' dir='ltr' id='par_1_10' title="bbox 64 3452 1102 3549">
     <span class='ocr_line' id='line_1_26' title="bbox 64 3452 1102 3549; baseline 0.011 -35"><span class='ocrx_word' id='word_1_174' title='bbox 64 3452 197 3525; x_wconf 76' lang='lat' dir='ltr'>althodo</span> <span class='ocrx_word' id='word_1_175' title='bbox 225 3462 419 3528; x_wconf 88' lang='lat' dir='ltr'>Posidonius</span> <span class='ocrx_word' id='word_1_176' title='bbox 452 3485 500 3549; x_wconf 89' lang='lat' dir='ltr'>se,</span> <span class='ocrx_word' id='word_1_177' title='bbox 531 3468 682 3528; x_wconf 88' lang='lat' dir='ltr'>nostrum</span> <span class='ocrx_word' id='word_1_178' title='bbox 712 3462 793 3526; x_wconf 94' lang='lat' dir='ltr'>illud</span> <span class='ocrx_word' id='word_1_179' title='bbox 822 3463 1003 3545; x_wconf 82' lang='grc' dir='ltr'><em>ὑπόμνημα</em></span> <span class='ocrx_word' id='word_1_180' title='bbox 1032 3482 1102 3525; x_wconf 80' lang='lat' dir='ltr'>eum</span> 
     </span>
    </p>
   </div>
   <div class='ocr_carea' id='block_1_7' title="bbox 0 0 1297 3888">
    <p class='ocr_par' dir='ltr' id='par_1_11' title="bbox 0 0 1297 3888">
     <span class='ocr_line' id='line_1_27' title="bbox 0 0 1297 3888; baseline 0 0"><span class='ocrx_word' id='word_1_181' title='bbox 0 0 1297 3888; x_wconf 95' lang='lat' dir='ltr'> </span> 
     </span>
    </p>
   </div>
  </div>
 </body>
</html>
