2578 3886
143 150 209 214 302
465 149 503 203 Μ.
523 148 632 202 TULLI
650 146 839 203 CICERONIS

143 294 205 358 lari
234 292 426 377 Siciliaeque
459 294 621 377 diffidens,
655 293 683 356 si
710 290 885 375 Pompeius
913 290 1068 374 navigare
1094 311 1176 354 coe

167 383 253 446 isset.

143 405 165 466 p
212 468 369 545 Quintum
403 491 540 553 puerum
575 469 682 552 accepi
716 467 929 532 vehementer.
981 465 1177 531 Avaritiam

144 558 236 623 video
265 559 366 622 fuisse
394 562 427 621 et
456 579 545 640 spem
573 556 684 641 magni
711 556 875 640 congiarii.
921 554 1080 640 Magnum
1101 555 1177 619 hoe

144 647 267 710 malum
290 650 353 729 est,
382 646 437 709 sed
461 645 564 708 scelus
588 645 682 728 illud,
711 645 798 727 quod
820 644 1046 725 timueramus,
1070 665 1176 726 spero
1208 670 1220 709 5

5 787 7 804 ,
144 735 272 798 nullum
296 733 405 797 fuisse.
451 732 523 797 Hoc
547 735 655 796 aute'm
677 733 794 795 vitium
818 736 898 815 puto
921 736 954 796 te
979 733 1177 796 existimare

5 823 6 832 ³
54 853 57 858 ·
144 844 213 886 non
244 844 265 887 u
294 817 410 886 ¹nostra
441 821 658 906 indulgentia,
691 820 746 884 sed
778 843 797 883 a
826 825 943 884 natura
976 821 1175 903 profectum.

147 909 249 986 Quem
271 914 381 973 tamen
403 931 463 974 nos
488 909 658 992 disciplina
680 929 836 993 regemus.

213 996 262 1062 Dc
281 996 395 1081 Oppiis
414 995 621 1061 Veliensibus
641 996 719 1080 quid
738 998 871 1080 placeat,
895 1018 968 1060 cum
986 994 1176 1060 Philotimo

145 1085 278 1149 videbis.
316 1085 455 1169 Epirum
477 1090 624 1149 nostram
646 1085 845 1171 putabimus,
869 1085 926 1148 sed
950 1084 1032 1148 alios
1052 1106 1221 1151 eursus10

146 1173 335 1238 videbamur
358 1173 512 1238 habituri.

610 1347 700 1414 VIII.

308 1470 365 1526 Ser.
379 1472 411 1524 iu
431 1471 555 1525 Cumano
579 1471 624 1525 VI
638 1470 713 1524 Noa.
729 1469 802 1525 Mai.
818 1488 843 1525 a.
861 1474 916 1525 705
935 1474 1005 1538 (49).

470 1592 599 1648 CICERO
619 1591 751 1647 ATTICO
771 1593 846 1646 SAL.

113 1719 127 1764 1
214 1703 259 1766 Et
280 1723 330 1766 res
350 1702 421 1785 ipse
439 1701 602 1785 monebat,
625 1706 658 1765 et
676 1706 713 1765 tu
733 1701 927 1785 ostenderas,
950 1705 983 1765 et
1003 1723 1063 1787 ego
1082 1702 1217 1771 vide-1⁵

147 1792 223 1854 bam
256 1791 293 1854 de
326 1790 366 1854 iis
398 1789 508 1874 rebus,
542 1811 622 1872 quas
650 1789 800 1872 intercipi
827 1790 1045 1872 periculosum
1073 1796 1174 1876 esset,

148 1880 246 1943 finem
268 1879 353 1943 inter
375 1899 435 1942 nos
460 1877 621 1941 scribendi
643 1877 715 1941 fieri
733 1881 862 1961 tempus
883 1899 960 1942 esse.
999 1876 1070 1962 Sed,
1094 1901 1174 1944 oum

149 1968 189 2030 ad
216 1989 267 2031 me
296 1988 390 2049 saepe
418 1987 490 2029 mea
513 1965 620 2029 Tullia
649 1966 770 2029 scribat
799 1988 909 2053 orans,
941 1969 993 2050 ut,
1025 1967 1106 2050 quid
1134 1967 1175 2031 in

148 2055 308 2138 Hispania
326 2057 466 2138 geratur,
491 2057 681 2137 exspectem,
704 2058 737 2117 et
757 2076 883 2138 semper
902 2053 1064 2118 adscribat
1081 2055 1174 2120 idem
1283 2059 1284 2080 *

148 2142 250 2206 videri
273 2142 344 2226 tibi,
373 2142 469 2224 idque
492 2141 561 2225 ipse
585 2142 683 2206 etiam
707 2163 744 2205 ex
768 2143 835 2205 tuis
858 2141 978 2206 litteris
1002 2143 1173 2207 intellexe—
1189 2173 1215 2212 ao

148 2230 224 2314 rim,
250 2250 319 2293 non
341 2233 421 2312 puto
445 2251 514 2293 esse
537 2229 678 2293 alienum
701 2251 752 2293 me
776 2230 816 2293 ad
839 2235 881 2314 te,
909 2231 988 2314 quid
1011 2230 1050 2294 de
1073 2253 1112 2295 ea
1133 2255 1174 2296 re

150 2317 297 2401 sentiam,
320 2318 466 2381 scribere.

113 2429 128 2476 2
217 2403 397 2470 Consilium
420 2405 508 2470 istud
531 2409 609 2469 tunc
632 2409 717 2469 esset
740 2407 893 2491 prudens,
923 2411 960 2470 ut
979 2407 1060 2470 mihi
1083 2408 1172 2472 vide-

149 2498 216 2577 tur,
250 2493 278 2556 si
309 2498 438 2558 nostras
466 2494 608 2558 rationes
640 2495 681 2557 ad
707 2494 954 2578 Hispaniensem
981 2516 1092 2559 casum
1120 2519 1172 2560 ac-

150 2581 385 2646 commodaturi
418 2603 572 2667 essemus,
606 2582 692 2665 quod
724 2583 794 2646 ficri
826 2582 896 2647 **.
946 2580 1086 2647 Necesse
1120 2590 1170 2649 est
1186 2613 1212 2652 15

150 2669 234 2733 enim
259 2673 327 2752 aut,
356 2670 389 2733 id
413 2671 499 2753 quod
521 2670 662 2734 maxime
685 2670 795 2755 velim,
818 2670 896 2754 pelli
919 2670 1020 2735 istum
1045 2672 1086 2735 ab
1109 2671 1170 2736 Hi-

150 2758 263 2842 spania
295 2761 352 2820 aut
384 2759 471 2822 trahi
503 2758 537 2822 id
567 2759 690 2823 bellum
717 2764 773 2823 aut
802 2759 915 2842 istum,
942 2763 980 2823 ut
1008 2760 1169 2824 confidere

149 2847 290 2931 videtur,
318 2846 556 2928 apprehendere
586 2846 771 2930 Hispanias.
823 2845 858 2910 Si
885 2846 1037 2932 pelletur,
1070 2870 1170 2932 quam

151 2938 263 3018 gratus
301 2938 357 2997 eut
390 2957 487 3018 quam
518 2934 674 2999 honestus
707 2939 777 2999 tum
810 2935 872 2999 erit
904 2935 944 3000 ad
975 2935 1169 3019 Pompeium
1282 2959 1283 3044 p

150 3027 261 3087 noster
285 3022 454 3106 adventus,
481 3042 553 3086 cum
577 3021 881 3107 ipsum‘Curionem
904 3024 943 3086 ad
967 3045 1040 3088 eum
1064 3029 1170 3090 trans·
1184 3053 1209 3092 ac
1282 3069 1283 3140 ,

150 3112 273 3176 iturum
306 3110 439 3193 putem?
477 3108 512 3173 Si
543 3112 683 3175 trahitur
711 3111 845 3196 bellum,
878 3111 957 3196 quid
985 3117 1170 3196 exspectem
1282 3153 1283 3204 ,

151 3204 207 3264 aut
235 3221 332 3284 quam
359 3198 436 3262 diu?
472 3197 694 3282 Relinquitur,
727 3203 778 3283 ut,
805 3200 833 3264 si
861 3200 1019 3264 vincimur
1047 3201 1083 3264 in
1110 3201 1169 3265 Hi-

151 3288 272 3373 spania,
296 3285 505 3372 quiescemus
546 3285 583 3350 Id
606 3308 667 3371 ego
690 3291 803 3352 contra
826 3291 914 3371 putu.
951 3287 1057 3353 Istum
1081 3291 1168 3354 enim

150 3379 306 3442 victorem
336 3374 441 3459 magis
474 3374 720 3459 relinquendum
751 3380 831 3459 puto
861 3399 958 3460 quam
985 3377 1107 3442 victum
1136 3382 1169 3442 et

151 3466 354 3529 dubitantem
386 3462 491 3548 magis
525 3484 621 3546 quam
648 3464 801 3528 fidentem
829 3465 896 3528 suis
925 3464 1030 3529 rebus.
1081 3464 1168 3531 Nam
1184 3492 1209 3534 aa
