2616 3884
142 169 208 234 268
466 168 503 222 Μ.
523 168 631 222 TULLI
649 166 839 223 CICERONIS

141 313 202 376 nis.
248 310 437 396 Praestabo,
472 311 500 375 si
532 310 698 376 Caesarem
730 310 812 375 bene
842 309 933 396 novi,
968 332 1041 375 eum
1071 309 1163 395 prius

143 405 218 465 tuae
250 400 420 484 dignitatis
452 421 549 482 quam
584 420 660 463 suae
694 399 848 463 utilitatis
882 397 1042 463 rationem
1073 397 1164 462 habi-

143 491 262 552 turum.

107 595 124 643 3
210 575 299 640 Haec
329 596 426 676 quam
460 573 635 658 prudenter
669 573 731 637 tibi
766 574 919 659 scribam,
949 572 1075 659 neseio,
1108 575 1164 639 sed
1295 641 1297 650 ,

143 663 224 729 illud
247 667 332 728 certe
356 663 438 744 scio,
460 684 512 726 me
536 661 576 726 ab
601 661 759 746 singulari
782 683 890 726 amore
913 682 950 726 ac
972 624 1208 727 benevolens

143 747 1166 839 11111111111111111111111111111111111111111111611111-

144 805 264 905 columi
288 836 424 902 Caesare
445 803 600 924 1111111111)
623 838 709 903 tanti
731 837 828 924 facio,
858 841 895 901 111
918 859 1038 922 paucos
1061 859 1165 922 aeque

143 949 180 992 ac
201 931 235 991 te
258 947 349 990 caros
375 924 522 990 habeam
567 924 617 989 De
644 924 705 990 hae
732 947 767 990 re
795 889 868 989 crim
898 926 1022 1011 aliquid
1045 927 1166 990 consti·

142 1016 260 1100 tueris,
296 1013 394 1078 velim
429 1013 512 1077 mihi
550 1014 680 1078 scribas.
731 1010 817 1077 Nam
852 1035 921 1078 non
957 1013 1128 1079 mediocrit
1113 1017 1165 1078 ter

143 1103 265 1187 laboro,
288 1100 432 1187 utrique,
454 1106 492 1166 ut
514 1102 579 1188 vis,
602 1105 693 1165 tuam
716 1100 974 1166 benevolentram
997 1105 1212 1185 praestarem

141 1189 258 1276 possis,
281 1211 379 1274 quam
401 1154 621 1255 niehereulet
607 1192 806 1273 tepraestat
808 1211 903 1253 urum
926 1189 1060 1254 confido.
1099 1189 1166 1256 Eae

141 1279 258 1343 valeas.

637 1452 670 1519 C.

373 1574 431 1630 Ser.
451 1575 484 1628 iu
501 1576 599 1630 11111111
613 1574 702 1644 paulo
721 1580 785 1630 aete
803 1591 843 1644 cp.
864 1574 923 1630 713.

366 1697 509 1753 CAESAR
527 1697 643 1766 OPPIO,
663 1695 846 1753 CORNELIO
867 1697 941 1753 SAL.
1183 1709 1215 1750 15
1299 1775 1300 1780 Ἰ

106 1825 120 1872 1
210 1805 340 1872 Gaudeo
374 1806 555 1871 mehercule
587 1826 645 1870 vos
679 1805 861 1890 significare
893 1804 1029 1890 litteris,
1066 1826 1165 1889 quam

141 1894 234 1959 valde
263 1894 407 1978 probetis
438 1915 489 1976 ea,
521 1915 602 1977 quae
633 1894 718 1977 apud
748 1891 927 1958 Corfinium
957 1896 1034 1957 sunt
1061 1897 1165 1980 gesta.

143 1981 287 2047 Consilio
311 1985 419 2046 vestro
448 1987 522 2045 utar
549 1981 699 2045 lubenter
728 1985 760 2045 et
782 1981 845 2046 hoc
866 1981 1048 2066 lubentius,
1076 1981 1166 2064 quod

142 2091 213 2133 mea
237 2072 353 2152 sponte
377 2070 481 2134 facere
504 2069 749 2155 constitueram,
778 2073 816 2134 ut
840 2091 937 2153 quam
960 2067 1166 2133 lenissimum
1299 2139 1300 2146 χ

140 2179 192 2222 me
216 2157 402 2240 praeberem
425 2160 457 2221 et
479 2155 671 2241 Pompeium
701 2157 810 2221 darem
833 2178 965 2241 operam
993 2160 1031 2221 ut
1054 2178 1165 2221 recen·
1180 2184 1214 2222 ae

142 2245 292 2310 ciliarem.
338 2243 556 2331 Temptemus,
578 2243 641 2308 hoc
662 2244 760 2309 modo
784 2246 813 2309 si
831 2245 993 2329 possimus
1016 2244 1166 2310 omniurn

141 2332 326 2398 voluntates
349 2353 536 2416 recuperare
564 2336 597 2396 et
626 2332 779 2396 diuturna
801 2333 938 2398 victoria
966 2331 1031 2418 uti,
1063 2353 1166 2415 quon·

141 2421 207 2485 iam
236 2420 354 2503 reliqui
378 2420 568 2485 crudelitate
594 2419 704 2484 odium
728 2421 869 2506 effugere
896 2443 963 2486 non
985 2424 1166 2504 potuerunt

141 2529 246 2593 neque
268 2507 438 2572 victoriam
465 2507 588 2574 diutius
616 2513 725 2573 tenere
753 2513 881 2593 praeter
908 2531 1009 2574 111111111
1032 2507 1068 2574 L.
1093 2507 1165 2573 Sul-

141 2596 217 2682 lam,
240 2617 336 2679 quem
358 2597 545 2660 imitaturus
568 2618 635 2661 non
659 2619 738 2661 rum.
784 2596 873 2662 Haeo
902 2618 988 2662 nova
1011 2596 1055 2661 sit
1077 2597 1163 2660 ratio
1180 2621 1211 2664 rs

141 2684 298 2767 vincendi,
321 2687 359 2748 111
377 2684 597 2749 misericordia
615 2687 648 2749 et
668 2683 864 2749 liberalitate
887 2705 947 2750 nos
971 2685 1164 2749 muniamus.

142 2771 182 2836 Id
204 2792 300 2857 quem
323 2770 364 2834 ad
385 2771 519 2836 modum
537 2773 607 2837 fieri
625 2773 740 2874 possit,
762 2794 830 2837 non
846 2774 937 2837 nulla
955 2773 1002 2836 mi
1019 2773 1055 2836 in
1076 2793 1165 2836 men-

142 2863 210 2924 tem
233 2859 376 2946 veniunt,
399 2863 432 2923 et
454 2859 538 2924 mult
524 2863 558 2924 ta
575 2861 710 2944 reperiri
733 2865 878 2944 possunt.
857 2859 966 2925 tDe
988 2860 1041 2926 his
1065 2861 1164 2924 rebus

142 2967 224 3032 rogo
249 2969 308 3011 vos
331 2950 369 3010 ut
392 2947 625 3033 cogitationem
648 2947 841 3031 suscipiatis.

106 3053 123 3100 2
210 3033 251 3100 N.
274 3034 429 3136 Magium,
451 3034 587 3119 Pompei
609 3037 821 3122 praefectum,
849 3034 1050 3120 deprehendi.
1098 3032 1165 3100 Sci·
1180 3063 1211 3102 eo

142 3123 220 3188 licet
243 3144 314 3186 meo
338 3123 417 3187 insti
418 3127 491 3187 tuto
516 3145 594 3188 usus
622 3145 694 3189 sum
726 3127 758 3188 et
786 3145 859 3188 eum
887 3128 938 3188 sta
938 3124 1000 3187 tim
1027 3123 1165 3187 missum

142 3211 212 3276 feci.
258 3209 328 3275 Iam
351 3211 415 3276 duo
438 3212 593 3295 praefecti
566 3212 744 3276 tfabrum
765 3211 933 3296 Pompei
923 3234 959 3277 111
981 3232 1086 3276 meam
1109 3232 1166 3295 po·

142 3302 295 3364 testatem
313 3302 471 3363 venerunt
491 3302 523 3363 et
547 3321 566 3362 a
585 3320 637 3363 me
654 3299 748 3364 mirsi
772 3305 857 3364 sunt.
895 3299 931 3365 Si
949 3297 1061 3365 volent
1078 3299 1166 3384 31111

144 3407 228 3474 esse,
250 3386 413 3451 debebunt
434 3386 624 3470 Pompeium
646 3386 785 3471 hortari,
812 3391 850 3451 ut
872 3387 967 3452 malit
989 3387 1071 3451 mihi
1095 3407 1166 3452 esse
1299 3421 1300 3424 ¹

142 3475 266 3540 amicus
291 3497 388 3559 quam
410 3474 465 3558 iis,
496 3474 553 3558 qui
583 3478 615 3537 et
645 3474 695 3537 illi
723 3477 755 3538 et
778 3475 860 3540 mihi
884 3496 1009 3559 semper
1032 3475 1166 3539 fuerunt
1181 3501 1210 3542 es
