2564 3880
236 145 495 202 EPISTULARUM
513 147 563 200 AD
582 148 747 202 ATTICUM
765 149 831 202 XIV
851 149 921 218 uA,
942 155 984 204 18.
1048 150 1114 214 455

92 295 204 354 tecum
235 290 305 372 ipse
333 294 443 354 certes.
493 289 544 355 Ne
572 290 648 354 licet
675 291 804 374 quidem
831 292 894 355 tibi
921 293 985 356 iam
1013 293 1149 358 tantis7

93 379 195 442 rebus
228 378 329 464 gestis
361 400 428 442 non
460 379 510 442 tui
544 378 682 442 similem
714 401 792 444 esse.
843 379 936 456 Quod
969 402 1041 444 cum
1068 381 1115 444 ita

95 467 155 552 sib,
186 467 331 530 hortatio
359 489 427 530 non
455 471 504 529 est
531 469 723 551 necessaria,
755 469 973 552 gratulatione
1009 469 1114 552 magis

95 555 254 619 utendum
278 559 336 618 est.
383 553 531 639 Contigit
555 556 640 619 euim
663 556 735 640 tibi,
766 557 853 639 quod
875 555 961 619 haud
984 557 1050 620 scio
1074 579 1116 620 an

65 643 229 725 anemini,
251 647 289 706 ut
313 665 438 706 summa
458 644 610 708 severitas
630 644 917 708 animaduersionis
936 666 1002 708 non
1019 644 1115 708 modo

95 754 166 796 non
188 731 357 817 invidiosa,
381 731 436 795 sed
459 732 557 795 etiam
580 732 747 815 popularis
771 737 856 796 esset
879 737 912 796 et
930 754 1003 797 cum
1020 733 1115 796 bonis

98 820 250 884 omnibus
279 823 351 882 tum
378 819 488 883 infimo
518 821 633 903 cuique
662 821 854 905 gratissima.
900 819 972 884 Hoc
1001 821 1030 884 si
1053 820 1116 884 tibi

96 909 231 972 fortuna
258 907 396 990 quadam
425 908 629 992 contigisset,
657 909 838 993 gratularer
860 909 1009 973 felicItati
1031 913 1117 994 tuae,

98 997 155 1060 sed
173 996 311 1080 contigit
329 996 552 1082 magnitudine
567 1017 665 1079 quom
684 997 784 1060 animi
797 1002 868 1060 tum
882 997 980 1060 etiam
994 997 1116 1080 ingenii

51 1089 197 1168 1oatque
235 1084 369 1148 consilii.
422 1083 501 1169 Legi
540 1085 624 1148 enim
658 1086 841 1149 contionem
873 1089 971 1150 tuam.
1024 1083 1117 1148 Nihil

98 1173 157 1236 illa
180 1173 367 1256 sapientius.
404 1171 457 1236 Ita
479 1173 710 1256 pedetemptim
735 1177 767 1237 et
789 1174 951 1258 gradatim
973 1177 1044 1238 tum
1069 1195 1117 1236 ao·

99 1283 210 1325 cessus
234 1283 252 1324 a
275 1265 308 1324 te
331 1261 371 1324 ad
394 1282 524 1324 causam
546 1261 632 1344 lacti,
655 1266 726 1325 tum
745 1283 899 1346 recessus,
921 1266 959 1326 ut
976 1285 1028 1326 res
1046 1263 1117 1345 ipsa

98 1349 323 1412 maturitatem
364 1349 426 1412 tibi
468 1349 741 1413 animadvertendi
783 1350 928 1414 omnium
964 1372 1117 1414 concessu

100 1439 201 1502 daret.
239 1437 401 1500 Liberasti
424 1437 526 1521 igitur
549 1442 581 1501 et
604 1437 718 1502 urbem
740 1438 883 1521 periculo
902 1442 934 1501 et
953 1439 1117 1502 civitatem
1136 1455 1152 1503 8

55 1552 83 1593 15
98 1530 189 1590 metu
225 1547 329 1608 neque
366 1525 471 1589 solum
504 1525 544 1588 ad
576 1529 704 1609 tempus
735 1527 910 1590 maximam
941 1527 1117 1590 utilitatem

99 1614 255 1696 attulisti,
284 1614 340 1677 sed
369 1614 467 1678 etiam
491 1613 530 1676 ad
554 1615 744 1696 exemplum.
791 1613 861 1690 Quo
884 1615 970 1678 facto
994 1614 1118 1677 intelle

99 1723 175 1787 gere
205 1702 301 1765 debes
329 1703 364 1766 in
391 1705 424 1764 te
452 1702 593 1786 positam
624 1723 693 1765 esse
716 1724 784 1765 rem
807 1703 970 1784 publicam
993 1701 1118 1784 tibique

98 1813 167 1855 uon
188 1791 285 1854 modo
310 1790 462 1874 tuendos,
490 1791 667 1853 sedetiam
692 1790 852 1854 ornandos
876 1790 951 1854 illos
974 1791 1071 1874 viros,
1100 1812 1118 1852 a

100 1880 220 1962 quibus
248 1878 380 1942 initium
407 1878 570 1942 libertatis
597 1878 779 1960 profectum
806 1882 864 1943 est.
912 1876 974 1941 Sed
1003 1878 1055 1942 his
1080 1877 1140 1942 de'

55 1997 84 2035 ao
99 1968 196 2031 rebus
221 1988 329 2031 coram
352 1966 447 2049 plura
470 1987 570 2050 prope
594 1966 691 2049 diem,
721 1970 756 2029 ut
780 1987 882 2049 spero.
929 1966 991 2050 Tu,
1020 1987 1119 2049 quon-

97 2057 164 2120 iam
192 2075 261 2118 rem
288 2055 451 2138 publicam
474 2076 597 2137 nosque
621 2075 806 2140 conservas,
834 2055 897 2141 fac,
925 2059 962 2119 ut
986 2054 1119 2138 diligen-

97 2143 226 2209 tissime
249 2147 282 2206 te
305 2144 421 2228 ipsum,
444 2143 489 2206 mi
511 2142 691 2226 Dolabella,
714 2143 885 2206 custodias.

549 2316 670 2382 XVIII.

244 2441 301 2494 Sor.
316 2441 347 2493 ia
367 2440 536 2508 Pompeiano
561 2439 624 2492 VII
637 2440 681 2492 Id.
698 2439 771 2492 Mai.
788 2457 813 2493 a.
830 2443 885 2494 710
905 2443 974 2508 (44).

58 2577 84 2618 a
175 2615 176 2618 γ
465 2560 593 2646 cioaao
613 2561 755 2616 muco.

170 2671 304 2755 Saepius
337 2693 389 2735 me
419 2671 484 2734 iam
511 2671 629 2755 agitas,
663 2670 748 2754 quod
775 2692 843 2734 rem
871 2675 996 2754 gestam
1023 2669 1153 2734 Dola-1

101 2762 208 2827 bellae
240 2760 336 2824 nimis
368 2760 403 2822 iu
435 2759 558 2823 caelum
591 2759 700 2823 videar
733 2759 851 2822 efferre.
897 2757 970 2843 Ego
1003 2763 1121 2844 autem,

103 2871 300 2935 quamquam
324 2869 399 2911 sane
422 2848 525 2930 probo
549 2849 680 2930 factum,
708 2851 826 2930 tamen,
849 2851 886 2910 ut
908 2850 1001 2910 tanto
1025 2869 1120 2930 opere

101 2939 277 3020 laudarem,
301 2936 456 2999 adductus
481 2957 552 3000 sum
576 2936 642 2999 tuis
666 2940 699 2999 et
716 2936 790 2998 unis
810 2939 842 2998 et
861 2935 971 2999 alteris
990 2935 1118 2998 litteris.

62 3056 88 3094 ao
103 3025 168 3092 Sed
196 3028 304 3090 totum
328 3046 362 3089 se
385 3046 404 3087 a
426 3027 460 3086 te
483 3024 677 3088 abalienavit
699 3021 871 3087 Dolabella
894 3045 932 3086 ea
954 3023 992 3086 de
1016 3044 1121 3108 causa,

102 3138 166 3200 qua
194 3135 246 3177 me
275 3134 402 3195 quoquc
430 3112 493 3174 sibi
520 3112 780 3176 inimicissimum
808 3111 954 3174 reddidit.
1009 3109 1036 3174 Ο
1064 3111 1120 3174 ho-

100 3205 222 3268 minem
241 3201 471 3284 impudentem!
504 3198 575 3264 Kal.
589 3198 655 3263 Ian.
671 3200 791 3281 debuit,
806 3199 909 3262 adhuc
927 3219 994 3262 non
1014 3198 1121 3282 solut,

101 3290 293 3377 praesertim
321 3311 393 3353 cum
422 3310 456 3352 se
483 3288 624 3352 maximo
652 3309 724 3351 aere
756 3287 860 3350 alieno
884 3285 1000 3349 Faberi
1023 3307 1122 3350 manu

100 3379 250 3445 liberarit
280 3381 311 3440 et
335 3398 428 3461 opem
452 3376 491 3439 ab
515 3374 583 3459 Ope
606 3376 743 3459 petierit.
790 3375 880 3438 Licet
904 3374 990 3437 enim
1013 3375 1123 3457 iocari,

63 3495 88 3536 as
102 3492 143 3534 ne
171 3489 223 3532 me
251 3466 343 3530 valde
367 3464 596 3529 conturbatum
618 3467 722 3546 putes.
767 3462 876 3545 Atque
901 3482 960 3544 ego
985 3462 1025 3524 ad
1048 3484 1123 3526 eum
