2578 3886
272 161 531 216 EPISTULARUM
549 162 599 214 AD
619 161 783 216 ATTICUM
802 162 827 214 X
848 167 889 230 11,
910 168 951 216 12.
1060 163 1125 227 313

103 307 195 370 tam?
234 305 318 380 Quid
340 306 421 369 mihi
441 307 540 369 animi
558 306 593 369 in
610 305 793 390 navigando
814 326 923 369 censes
941 305 1033 370 fore?
1065 305 1127 370 Re-

105 395 221 459 cordor
240 395 335 480 enim,
349 398 472 458 aestate
490 415 563 458 cum
582 395 648 458 illis
668 394 725 458 illo
745 391 984 458 Rhodiorum’
967 395 1126 482 capanea

105 484 265 584 navigans
295 505 392 566 quam
419 483 536 546 fuerim
565 482 738 568 sollicitus3
772 481 850 566 quid
877 482 995 546 durot
981 485 1126 565 tempore

106 573 184 635 anni
208 575 259 634 act
245 570 384 634 tuariola
406 571 477 634 fore
500 571 631 635 censes?
665 568 691 633 O
714 591 784 634 rem
802 570 961 672 undique
961 571 1126 634 miseraml

73 685 89 726 a
174 659 346 723 Trebatius
375 662 444 722 erat
471 680 610 743 mecum,
637 659 687 723 vir
717 659 811 741 plane
840 662 873 721 et
901 659 980 722 civis
1010 660 1125 723 bonus.

107 747 196 849 Quae
227 747 283 810 1111
314 751 470 834 monstra,
502 747 574 809 di
566 750 698 810 rmmort
684 747 778 811 tales!
820 746 971 811 Etiamne
1003 747 1125 811 Balbus

105 839 315 900 msenatum
337 834 446 900 venire
469 836 557 920 cogit
543 835 613 900 tet?
646 832 759 899 Sed
732 857 762 898 er
785 835 849 918 ipsi
872 857 942 900 cras
965 835 1005 899 ad
1022 839 1114 899 te
1073 835 1127 898 h

105 929 194 988 teras
222 924 314 988 dabo.
360 922 450 988 Vett
410 927 550 988 tt1enum
576 921 1162 1009 1111111111111111,111111111111,11115

105 1017 188 1096 puto
212 1034 290 1076 esse.
337 1010 419 1076 Cum
441 1034 489 1097 eo,
512 1011 599 1096 quod
622 1011 794 1095 ἀποτόμως
818 975 857 1076 ald
879 1034 930 1076 me
954 1013 1127 1095 scripserat

63 1129 95 1168 10
110 1102 151 1165 de
177 1101 320 1164 nummis
348 1099 511 1186 curandis,
539 1101 772 1184 θυμικώτερον
799 1122 886 1164 eram
915 1101 1047 1166 iocatus
1089 1100 1128 1165 Id

105 1194 154 1273 tu,
169 1190 199 1252 si
216 1189 272 1252 1111
291 1189 385 1253 aliter
404 1189 561 1271 acceperit
580 1209 617 1251 ac
636 1188 756 1273 debuit,
770 1188 880 1253 lenies,
910 1188 1126 1254 ‘Menarchi’

105 1281 217 1342 autem
248 1277 417 1361 adscripsi,
449 1277 536 1360 quod
568 1276 624 1340 ille
654 1277 695 1340 ad
723 1298 775 1339 me
803 1277 885 1342 ‘PRO
915 1277 1009 1342 0083.
1056 1277 1127 1363 Sed,

105 1366 263 1451 quoniam
286 1369 336 1432 est
358 1365 457 1428 homo
480 1368 513 1428 et
534 1387 595 1428 nos
619 1364 736 1449 diligit,
759 1365 829 1447 ipse
848 1387 976 1448 quoque
995 1389 1014 1429 a
1031 1366 1128 1430 nobis

106 1455 273 1539 diligatur.
320 1451 410 1518 Vale.

57 1657 88 1698 15
584 1627 656 1694 XII.

267 1747 325 1806 Sor.
339 1751 371 1804 11
390 1747 514 1804 Cumano
532 1751 589 1803 ΙΙΙ
602 1750 677 1804 Noa.
693 1749 766 1804 Mai.
783 1767 808 1803 o.
825 1753 880 1804 705
900 1752 968 1817 (49).

415 1872 560 1927 cronno
577 1872 724 1927 Arrroo
743 1872 827 1927 111.
850 1856 852 1859 ’

175 1980 336 2057 Quidnam
362 1981 443 2044 mihi
470 1981 618 2045 futurum
646 1986 710 2066 est,
737 1985 794 2045 aut
818 1981 892 2064 quis
914 2002 965 2044 me
987 2001 1055 2044 non
1078 2002 1127 2044 so·
1147 1997 1162 2044 1

105 2072 177 2134 lum
200 2069 369 2154 infelicior,
393 2069 449 2132 sed
471 2069 536 2132 iam
559 2069 658 2132 etiam
680 2070 830 2153 turpior?
867 2067 1070 2134 Nominatim
1089 2070 1127 2133 de

62 2186 92 2226 ao
106 2181 159 2223 me
184 2157 248 2221 sibi
270 2155 464 2241 imperatum
488 2157 566 2221 dicit
589 2156 753 2221 Antonius
776 2179 835 2222 nec
858 2179 910 2222 me
932 2161 1042 2221 tamen
1059 2157 1128 2241 ipse

107 2246 214 2311 adhuc
236 2245 370 2330 viderat,
393 2245 449 2308 sed
469 2244 532 2310 hoo
556 2245 708 2310 Trebatio
732 2246 884 2310 narravit.
931 2244 1015 2321 Quid
1034 2267 1128 2331 agam

105 2356 204 2419 nuno,
227 2333 305 2416 quoi
327 2333 412 2396 nihil
434 2333 587 2418 procedit,
617 2334 798 2418 caduntque
821 2356 867 2420 ea,
891 2355 972 2418 quae
995 2333 1128 2418 diligen-

107 2423 234 2487 tissime
253 2426 329 2486 sunt
348 2422 499 2507 cogitata,
520 2423 727 2486 taeterrime?
757 2423 829 2506 Ego
850 2423 936 2486 enim
955 2420 1128 2487 (lurionem

107 2515 223 2575 nactus
256 2510 363 2574 omnia
395 2531 446 2574 me
478 2513 686 2574 consecutum
712 2511 834 2595 putavi.
880 2511 913 2574 Is
942 2510 980 2574 de
1006 2533 1059 2574 me
1088 2511 1130 2574 ad

66 2626 94 2667 aa
108 2598 324 2664 Hortensium
361 2598 542 2681 scripserat.
592 2597 737 2682 Reginus
775 2603 844 2662 erat
881 2602 972 2662 totus
1008 2602 1128 2664 noster.

108 2686 195 2751 Huic
222 2686 306 2750 nihil
334 2686 578 2770 suspicabamur
606 2709 679 2750 cum
705 2686 767 2751 hoo
793 2687 876 2750 mari
902 2687 1028 2771 negotii
1051 2687 1127 2751 fore.

109 2774 180 2851 Quo
204 2796 257 2839 me
279 2796 365 2838 nuno
387 2775 533 2839 vertam?
570 2773 721 2858 Undique
744 2775 918 2839 custodior.
961 2774 1024 2839 Sed
1048 2776 1163 2840 satisa

108 2863 260 2928 lacrimis.
307 2862 566 2949 Παρακλεπτέον
593 2863 695 2947 igitur
726 2867 758 2926 et
783 2866 906 2928 occulte
929 2863 965 2926 in
988 2863 1129 2946 aliquam

110 2951 291 3016 onerariam
315 2951 558 3036 corrependum,
581 2972 648 3014 non
670 2952 946 3036 committendum,
969 2955 1007 3015 ut
1031 2951 1130 3015 etiam

68 3068 96 3107 ao
112 3043 278 3122 compacto
302 3039 461 3122 prohibiti
485 3039 657 3103 videamur.
705 3037 816 3104 Sicilia
838 3039 985 3123 petenda.
1027 3038 1130 3115 Quam

111 3128 139 3192 si
171 3128 292 3193 erimus
319 3128 421 3213 nacti,
453 3128 576 3192 maiora
604 3127 761 3211 quaedam
788 3149 1028 3211 consequemur.
1081 3126 1132 3191 Sit

109 3216 205 3280 modo
234 3219 320 3280 recte
348 3217 383 3279 in
411 3215 591 3299 Hispaniis!
634 3215 835 3301 Quamquam
864 3217 902 3279 de
925 3216 997 3299 ipsa
1021 3214 1131 3279 Sicilia

110 3305 237 3368 utinam
269 3305 312 3368 sit
344 3307 469 3368 verum!
513 3303 575 3369 Sed
608 3304 712 3368 adhuc
741 3305 825 3368 nihil
858 3303 996 3368 secundi.
1050 3301 1131 3366 Son-

110 3414 224 3458 cursus
258 3389 440 3457 Siculorum
471 3393 511 3456 ad
539 3391 697 3457 Catonem
719 3393 837 3457 dicitur
859 3392 978 3474 factus,
1013 3411 1131 3476 orasse,

69 3507 96 3548 aa
109 3485 148 3545 ut
171 3481 346 3567 resisteret,
369 3482 476 3545 omnia
498 3481 675 3566 pollicitos,
701 3484 898 3544 commotum
921 3479 1014 3542 illum
1038 3479 1130 3547 dilec-
