2616 3884
136 151 203 216 264
460 149 498 204 Μ.
517 149 625 204 uuum
643 147 832 204 CICERONIS

135 317 187 360 me
209 315 276 359 non
299 315 381 379 queo
409 293 521 359 dicere.
569 291 631 358 Sed
657 293 752 378 plene
782 293 819 358 τὸ
844 290 987 376 συνέχον
1010 289 1154 357 effecisti
1242 289 1245 294 “

136 383 209 468 Ego
233 381 319 448 enim
341 403 408 447 non
430 383 495 446 iam
518 381 551 447 id
574 401 651 482 ago,
679 381 761 445 mihi
790 380 956 465 erede,t
919 383 956 444 ut
980 401 1154 465 prosperos

137 472 243 535 exitus
274 492 461 555 consequar.
512 469 566 535 Sic
599 469 685 532 enim
714 469 823 554 video,
854 489 914 533 nec
948 467 1073 533 duobus
1101 467 1155 532 his

136 560 219 625 viris
242 581 301 624 nec
323 559 386 623 hoc
408 579 474 622 uno
503 579 563 623 nos
593 578 748 642 umquam
776 521 846 622 rein
872 556 1037 658 publicam
1063 556 1156 621 habi·
1240 567 1250 583 ’·

135 652 237 712 turos.
273 645 326 712 Ita
347 666 452 730 neque
474 646 513 709 de
538 645 605 711 οιιο
627 650 704 710 nost
705 667 741 710 ro
766 666 860 729 spero
882 645 949 709 iam
970 665 1031 709 nec
1052 644 1155 710 ullam
1187 669 1201 711 s

137 736 346 801 acerbitatem
377 755 498 798 recuso.
553 731 664 798 Unum
699 733 782 798 illud
815 732 1078 816 extimescebam,
1113 755 1156 797 ne

138 824 216 907 quid
237 823 377 907 turpiter
399 823 545 909 facerem,
568 823 619 887 vel
642 821 746 886 dicam
767 822 833 886 iam
854 843 895 886 ne
918 821 1074 886 fecissem.

102 930 118 979 ι
205 911 258 978 Sic
281 932 357 995 ergo
380 910 500 975 habeto
501 935 503 940 ¹
504 910 733 994 ,salutarest
718 909 855 974 temihi
877 910 1004 974 litteras
1025 909 1156 974 misisse

136 1021 241 1084 neque
263 999 369 1064 solum
391 999 450 1064 has
477 999 655 1084 longiores,
686 999 804 1083 quibus
832 997 917 1063 nihil
945 1001 1156 1081 potestesse

138 1087 344 1188 explicatius,
377 1086 460 1151 nihil
489 1087 677 1170 perfectrus,
711 1086 767 1150 sed
799 1087 897 1152 etiam
926 1086 999 1151 illas
1029 1086 1157 1151 brevio
1171 1113 1201 1151 ro

137 1197 201 1259 res,
231 1175 267 1239 in
296 1174 415 1259 quibus
442 1175 505 1240 hoc
533 1175 613 1239 mihi
643 1174 911 1240 iucundissimum
943 1174 1021 1257 fuit,
1052 1174 1158 1238 consi-

137 1264 218 1327 lium
242 1263 428 1347 factumque
453 1267 603 1328 nostrum
629 1286 647 1327 a
666 1263 744 1329 Sex
730 1267 765 1327 ο
788 1262 930 1347 probari,
954 1265 1145 1347 pergratum

138 1373 201 1435 que
222 1351 364 1416 mihitu
326 1352 498 1434 tfccistc',
528 1353 611 1434 quod
635 1373 683 1416 me
709 1353 746 1416 de
767 1351 884 1416 iudicio
909 1351 1158 1416 recreatorem

137 1439 256 1524 fecisti3
284 1463 303 1504 a
326 1460 390 1524 quo
414 1443 447 1503 et
469 1439 562 1524 diligi
584 1461 636 1503 me
660 1442 705 1525 et,
734 1439 812 1523 quid
833 1442 958 1503 rectum
981 1438 1038 1522 sit,
1060 1439 1158 1503 intel-

136 1529 203 1613 legi
226 1527 301 1593 scio.
347 1526 491 1612 Longior
518 1549 594 1592 vero
622 1531 680 1607 tua
707 1527 847 1610 epistula
874 1549 942 1591 ιοι
964 1549 1015 1592 me
1039 1527 1157 1612 solum,
1170 1553 1198 1594 ιι

138 1616 193 1681 sed
216 1638 305 1680 meos
329 1637 439 1680 omnes
463 1615 665 1700 aegritudine
687 1615 815 1681 levavit.
861 1614 976 1699 Itaque
998 1618 1073 1679 utar
1096 1618 1157 1679 tuo

137 1705 272 1769 consilio
297 1708 330 1768 et
353 1726 407 1768 ero
431 1704 467 1768 in
489 1703 675 1787 Formiano,
701 1725 743 1768 ne
770 1704 891 1768 autad
917 1703 1031 1767 urbem
1054 1702 1158 1768 ἀπάν-

136 1810 229 1876 τησις
251 1814 323 1857 mea
346 1792 620 1857 animadvertatur
638 1795 703 1876 aut,
727 1792 755 1856 si
772 1813 832 1856 uec
849 1792 903 1856 hic
919 1813 979 1856 nee
996 1791 1063 1856 illic
1082 1813 1158 1856 eum

102 1881 257 1964 evidere,
279 1880 459 1944 devitatum
481 1901 514 1944 se
533 1903 552 1944 a
574 1901 625 1944 me
647 1883 748 1963 putet.
786 1878 879 1955 Quod
902 1884 1010 1943 autem
1032 1877 1158 1963 suades,

137 1973 174 2032 ut
199 1968 238 2032 ab
262 1990 301 2032 eo
323 1972 446 2053 petam,
475 1971 513 2031 ut
535 1968 618 2032 mihi
640 1967 807 2054 concedat,
836 1968 874 2033 ιιι
904 1966 989 2032 idem
1011 1967 1157 2032 tribuam
1172 1996 1200 2035 ιο

136 2055 301 2141 Pompeio,
324 2055 410 2140 quod
429 2055 493 2139 ipsi
512 2055 690 2139 tribuerim,
713 2056 747 2119 id
764 2077 816 2120 me
833 2055 1041 2140 iampridem
1061 2075 1158 2140 agere

136 2144 305 2229 intelleges
328 2166 367 2208 ex
390 2143 510 2208 litteris
533 2143 627 2207 Balbi
657 2147 689 2207 et
712 2141 812 2229 Oppi,
842 2166 980 2228 quarum
1010 2143 1158 2227 exempla

137 2231 199 2295 tibi
229 2232 312 2297 misi.
363 2231 439 2296 Misi
474 2230 572 2296 etiam
602 2229 749 2296 Caesaris
779 2232 819 2296 ad
849 2253 903 2296 eos
940 2253 1018 2296 sana
1047 2235 1156 2296 mente

138 2320 274 2404 scriptas
299 2341 362 2404 quo
386 2319 482 2384 modo
506 2320 656 2383 intanta
679 2319 813 2385 insania.
852 2317 910 2384 Sin
932 2319 1014 2384 mihi
1038 2317 1157 2384 Caesar

136 2408 198 2473 hoc
220 2430 287 2473 non
309 2408 475 2491 concedat,
504 2407 597 2472 video
625 2407 687 2471 tibi
714 2408 839 2491 placere
861 2407 958 2494 illud,
987 2429 1038 2472 me
1060 2411 1157 2474 πολι·
1171 2435 1197 2478 rs

138 2520 241 2581 τευμα
264 2497 303 2560 de
325 2517 404 2580 pace
426 2495 600 2580 suscipere,
629 2495 665 2559 ιι
694 2517 759 2579 quo
788 2517 856 2561 non
878 2496 1050 2561 extimesco
1072 2496 1156 2579 peri-

138 2585 246 2674 culum
274 2582 361 2684 (cum
389 2584 476 2646 euim
508 2587 560 2647 tot
581 2583 802 2671 impendeant,
830 2606 886 2649 cur
908 2605 975 2648 ιοι
997 2583 1124 2649 honest
1099 2587 1157 2649 trs-

138 2675 219 2737 simo
224 2669 399 2755 depecisci
428 2669 572 2758 reliml),
596 2673 651 2736 sed
673 2693 800 2758 vereor,
826 2694 868 2736 ne
894 2671 1049 2756 Pompeio
1078 2672 1156 2757 quid

139 2761 245 2826 oneris
268 2760 442 2842 imponam,

205 2884 261 2966 μή
284 2906 341 2965 μοι
364 2885 522 2965 poppaeo
544 2883 693 2967 κεφαλὴν
717 2883 842 2948 δεινοῖο
865 2883 1031 2968 πελώροὺ’
1169 2913 1196 2954 30

137 3024 333 3105 intorqueat.
374 3021 559 3086 Mirandum
577 3023 663 3087 enim
686 3024 722 3087 in
743 3022 876 3088 modum
896 3022 1024 3088 Gnaeus
1042 3029 1156 3090 noster

138 3109 264 3175 Sullani
277 3110 369 3194 regni
384 3110 630 3175 similitudinem
645 3111 836 3195 concupivit.
864 3112 976 3188 Ειδώς
992 3130 1046 3178 σοι
1060 3111 1154 3195 λέγω,

136 3198 230 3264 Nihil
252 3197 308 3261 ille
330 3220 485 3317 umquam
510 3199 617 3263 minus
641 3200 776 3264 obscure
798 3199 884 3264 tulit.
931 3198 1031 3264 ‘Cum
1052 3200 1155 3266 hocne

136 3285 265 3372 igitur',
287 3284 429 3372 inquies,
452 3287 538 3351 esse
561 3287 650 3352 vis‘?'
696 3286 893 3352 Beneficium
916 3309 1047 3373 sequor,
1073 3289 1155 3354 mihi

137 3374 237 3460 crede,
259 3394 327 3438 non
349 3396 487 3461 causam,
510 3375 580 3439 ut
570 3397 606 3438 m
627 3374 759 3460 Milone,
781 3375 850 3440 ut
840 3398 907 3441 m.
954 3375 1060 3442 .Sed
1082 3377 1194 3446 hec-es

100 3464 238 3526 4tenus.
285 3460 442 3528 Causa
432 3464 494 3548 rgit
495 3485 534 3527 ur
558 3484 626 3526 non
651 3463 737 3527 bona
760 3463 848 3527 es?
893 3425 996 3529 Immo
1022 3465 1154 3550 optima,
