2578 3886
282 126 541 181 urrsrmlnuu
559 128 609 181 An
630 126 795 182 Arrrouu
814 83 972 184 xia-15.
1053 129 1117 192 317

90 271 251 334 diuturna
278 271 409 335 miseria
435 293 504 335 non
530 271 702 336 exaruisse.
749 270 832 335 Mihi
861 273 991 355 quidem
1019 272 1119 336 etiam

15 437 20 444 ι
91 357 260 442 lippitudo
290 358 382 443 haee,
410 363 544 443 propter
573 380 670 442 quam
699 381 767 424 non
789 360 859 442 ipse
883 360 923 423 ad
945 364 978 423 te
1003 360 1119 445 scribo,

94 447 167 510 sine
196 446 264 510 ulla
290 446 423 510 laorima
452 451 514 532 est,
544 447 599 511 sed
627 447 755 530 saepius
781 448 890 512 odiosa
914 452 963 512 est
986 451 1119 530 propter

94 533 237 618 vigilias.
284 534 387 610 Quam
410 535 452 600 ob
476 557 559 618 rem,
590 536 745 620 quioquid
766 535 867 599 habes
891 536 930 599 ad
954 537 1154 600 consolans

65 623 189 707 edum,
219 622 336 707 oollige
364 627 396 687 et
424 623 480 687 illa
505 624 608 688 scribe
630 646 698 687 non
722 645 760 687 ex
784 624 930 688 doctrina
952 645 1056 707 neque
1080 646 1119 687 ex

95 710 192 775 libris
216 707 306 794 (nam
328 711 362 774 id
385 711 516 794 quidem
539 712 627 776 domi
650 716 710 797 est,
733 712 789 776 sed
811 713 919 777 neseio
940 734 1004 796 quo
1023 712 1118 776 modo

96 798 292 864 imbecillior
320 802 368 862 est
396 799 553 864 medicina
584 822 681 884 quam
708 799 873 887 morbus),
899 801 979 864 haee
1009 800 1119 884 potius

96 886 578 1059 tlttttttftttttl
601 887 763 1040 lullo
785 889 1119 1062 ttttututtgtttli

478 1027 485 1061 l

50 1090 83 1129 ιο
96 1063 282 1126 luculentos
306 1068 453 1128 auctores
473 1086 543 1128 esse
562 1064 696 1128 dicebat.
734 1063 824 1128 Haeo
843 1065 954 1150 igitur,
979 1066 1007 1129 si
1023 1065 1120 1129 habe·

97 1152 162 1236 bis,
188 1155 220 1214 et
243 1151 329 1215 talia.
375 1151 421 1216 Et
445 1151 574 1235 quidem
596 1153 708 1237 paucis
733 1153 847 1217 diebus
870 1153 993 1236 aliquid
1016 1153 1121 1217 audiri

97 1261 229 1304 neeesse
251 1243 310 1304 est.

169 1325 232 1391 Sed
254 1328 350 1392 redeo
373 1327 413 1391 ad
436 1327 592 1393 Servium.
629 1327 826 1393 Distulimus
851 1330 982 1393 omnino
1003 1351 1121 1393 sermo-
1140 1347 1155 1394 3

97 1438 176 1480 nem
198 1416 234 1479 in
256 1420 432 1501 posterum,
463 1417 518 1480 sed
541 1417 655 1481 tardus
679 1417 719 1480 ad
742 1417 924 1481 exeundum
948 1418 1062 1481 ‘multo
1087 1439 1120 1481 se

54 1529 83 1569 rs
98 1505 137 1568 in
164 1525 223 1568 suo
251 1504 370 1569 leetulo
398 1505 508 1590 malle,
537 1505 689 1589 quioquid
719 1506 824 1569 foret'.
871 1503 1009 1568 Odiosus
1035 1527 1121 1569 soru-

98 1592 198 1676 pulus
228 1592 266 1656 de
296 1593 357 1656 filii
379 1592 497 1657 militia
520 1593 723 1657 Brundisina.
770 1591 880 1657 Unum
902 1592 983 1656 illud
1005 1592 1121 1656 firmis-

100 1681 184 1744 sime
203 1680 420 1767 adseverabat,
439 1682 467 1744 si
485 1681 628 1745 damnati
646 1682 904 1766 restituerentur,
918 1681 953 1743 in
971 1680 1120 1743 exsilium

100 1791 138 1833 se
169 1769 301 1833 iturum.
347 1767 417 1833 Nos
451 1773 559 1833 autem
588 1770 628 1833 ad
657 1769 735 1832 haee
763 1769 808 1832 ‘et
835 1769 871 1832 r'd
896 1769 1005 1851 ipsum
1032 1771 1120 1832 certo

99 1858 172 1920 fore
196 1860 241 1940 et,
269 1879 351 1940 quae
374 1857 439 1921 iarn
462 1858 585 1941 fierent,
607 1878 674 1920 non
698 1878 766 1920 esse
789 1857 932 1940 leviora'‚
954 1856 1120 1940 multaque

54 1971 84 2010 so
99 1944 344 2029 colligebamus.
390 1945 512 2009 Verum
536 1968 573 2009 ea
598 1967 665 2009 non
689 1946 832 2009 animum
856 1945 925 2008 eius
949 1944 1121 2028 augebant,

10 2029 12 2108 'J
99 2033 159 2097 sed
186 2033 350 2118 timorem,
377 2037 414 2096 ut
441 2034 507 2097 iam
533 2034 684 2097 celandus
714 2034 819 2117 magis
850 2033 888 2096 de
910 2037 1024 2097 nostro
1049 2054 1121 2096 eon-

10 2129 12 2160 !
99 2121 178 2186 silio
207 2143 302 2204 quam
332 2121 529 2186 adhibendus
559 2122 726 2185 videretur.
775 2121 878 2196 Quare
906 2121 942 2184 in
970 2122 1032 2185 hoo
1054 2142 1122 2185 non

10 2271 11 2274 ,
97 2209 243 2274 multum
277 2214 335 2274 est.
384 2208 454 2274 Nos
488 2232 507 2274 a
539 2214 571 2272 te
604 2210 761 2274 admoniti
794 2210 831 2273 de
860 2207 969 2274 anlio
1002 2210 1122 2294 eogita-

97 2298 219 2362 bimus.

54 2500 82 2541 ss
605 2474 674 2538 XV.

286 2593 343 2649 Ser.
356 2596 388 2648 iu
409 2595 532 2650 Gaurano
551 2595 601 2649 IV
614 2596 658 2649 Id.
673 2596 746 2649 Mai.
759 2614 785 2650 a.
799 2600 854 2651 705
873 2599 943 2664 (49).

410 2717 556 2773 CICERO
575 2718 722 2774 ATTICO
740 2718 822 2773 SAL.

172 2825 302 2890 Servius
322 2847 396 2890 eum
419 2831 503 2890 esset
527 2826 612 2908 apud
634 2848 695 2912 me,
718 2824 873 2910 Cephalio
893 2848 967 2890 oum
986 2827 1052 2890 tuis
1071 2827 1123 2890 lit-
1143 2843 1157 2890 1

100 2914 183 2978 teris
206 2931 244 2977 vl
266 2913 343 2978 Idus
367 2915 467 2998 venit3
499 2936 580 2998 quae
603 2914 698 2978 nobis
721 2936 873 2999 magnam
896 2936 986 2998 spem
1009 2915 1123 2979 attule-

56 3029 86 3069 ao
101 3005 182 3066 runt
205 3002 376 3066 meliorum
400 3023 508 3065 rerum
532 3002 570 3065 de
590 3006 663 3066 ooto
682 3003 879 3067 cohortibus.
916 3003 1048 3066 Etenim
1068 3025 1123 3067 eae

102 3112 244 3174 quoque,
267 3111 348 3173 quae
371 3090 406 3153 in
428 3090 480 3153 his
503 3090 583 3154 loeis
609 3095 694 3174 sunt,
717 3091 826 3156 labare
850 3091 1008 3154 dicuntur.
1060 3090 1123 3154 Eo-

101 3178 176 3242 dem
206 3178 257 3241 die
280 3177 497 3242 Funisulanus
529 3201 547 3242 a
577 3183 610 3242 te
640 3179 752 3242 attulit
775 3179 918 3265 litteras,
946 3179 982 3241 in
1005 3177 1123 3260 quibus

103 3270 174 3330 erat
204 3266 426 3330 confirmatius
458 3266 543 3330 idem
569 3266 660 3330 illud.
705 3266 746 3330 Ei
778 3268 816 3330 de
840 3289 898 3330 suo
921 3265 1053 3348 negotio
1077 3287 1124 3327 re-

103 3353 221 3436 spondi
252 3354 412 3418 oumulate
442 3377 515 3418 oum
546 3355 635 3418 omni
664 3359 721 3418 tue
754 3355 867 3439 gratia.
915 3352 1029 3416 Adhuo
1056 3373 1124 3416 non

58 3468 87 3510 as
103 3443 184 3506 satis
209 3441 360 3528 faciebat3
394 3442 488 3506 debet
512 3446 620 3506 autem
643 3443 724 3506 mihi
747 3443 869 3506 multos
893 3462 1042 3504 nummos
1065 3462 1124 3504 neo
