2568 3888
304 907 361 988 M.
389 907 581 989 TULLI
611 907 953 991 CICERONIS

249 1067 634 1140 EPISTULARUM
666 1067 735 1139 AD
768 1068 1012 1141 ATTICUM

450 1221 584 1286 LIBER
608 1221 805 1288 TERTIUS.

617 1501 641 1568 I.

103 1649 115 1688 5
312 1625 369 1680 Sor.
389 1625 421 1679 iu
438 1626 535 1679 itiuere
553 1625 592 1678 iu.
612 1642 646 1678 m.
665 1624 735 1694 Apr.
754 1642 780 1680 a.
801 1629 858 1680 696
876 1628 947 1693 (58).

442 1746 570 1802 CICERO
589 1747 721 1802 ATTICO
741 1747 816 1802 SAL.

190 1853 270 1921 Cum
298 1859 393 1921 antea
419 1857 558 1922 maxime
583 1861 697 1922 nostra
719 1858 876 1922 interesse
900 1855 1083 1936 arbitrabar
1105 1860 1139 1920 be

129 1965 194 2008 esse
213 1945 393 2031 nobiseum,
415 1948 487 2008 ium
508 1967 596 2029 vero,
618 1950 656 2009 ut
674 1945 739 2030 legi
757 1945 969 2029 rogationem,
991 1944 1138 2009 intellexi

128 2032 165 2096 ad
185 2033 247 2098 iter
270 2033 316 2118 id,
344 2033 430 2117 quod
453 2033 623 2119 constitui,
649 2033 733 2098 nihil
755 2033 837 2096 mihi
860 2033 1004 2116 optatius
1028 2033 1138 2097 eadere

91 2141 231 2207 oposse,
261 2143 359 2204 quam
386 2125 423 2184 ut
451 2125 488 2185 bu
515 2143 567 2186 me
596 2144 693 2205 quam
725 2121 866 2205 primum
898 2143 1138 2205 consequerare,

126 2211 174 2294 ub,
199 2231 272 2274 oum
300 2231 339 2272 ex
365 2207 462 2274 ltalia
485 2210 622 2293 profecti
645 2232 802 2296 essemus,
830 2210 897 2274 sive
920 2232 977 2293 per
999 2209 1137 2293 Epirum

125 2296 184 2361 iter
197 2302 284 2362 esset
297 2297 488 2382 faciendum,
506 2302 563 2361 tuo
580 2301 776 2382 tuorumque
790 2298 950 2381 praesidio
965 2301 1138 2383 uteremur,

127 2384 189 2450 sive
217 2385 305 2450 aliud
333 2386 410 2469 quid
437 2386 595 2470 agendum
624 2391 724 2472 esset,
752 2389 875 2451 cerium
904 2386 1076 2451 consilium
1099 2386 1138 2450 de

126 2475 179 2536 tua
202 2474 364 2539 sententia
387 2495 498 2557 capere
521 2496 699 2558 possemus,
737 2472 840 2549 Quam
864 2475 905 2539 ob
928 2497 997 2540 rem
1020 2479 1139 2559 beorn,

92 2580 114 2620 15
126 2560 176 2626 des
204 2583 349 2648 operam,
375 2565 413 2626 ub
440 2585 491 2627 me
520 2563 632 2627 stabim
656 2585 865 2648 consequar03
894 2562 980 2647 quod
1003 2584 1040 2626 eo
1063 2562 1138 2627 faoi-

125 2648 183 2714 lius
214 2653 324 2734 potes,
357 2650 510 2734 quoniam
538 2651 577 2716 de
606 2651 771 2734 provincia
799 2651 986 2716 Macedonia
1012 2653 1139 2736 perlata

123 2736 171 2801 lex
199 2742 258 2802 est.
305 2737 457 2803 Pluribus
484 2738 593 2803 verbis
617 2744 724 2803 tecum
748 2761 890 2826 agerem,
915 2739 982 2803 nisi
1003 2762 1063 2823 pro
1086 2761 1138 2804 me

124 2826 204 2909 apud
226 2830 260 2891 be
283 2849 335 2891 res
359 2827 430 2910 ipsa
452 2827 647 2910 loqueretur.

606 3020 647 3086 ΙΙ.

32 3159 33 3180 ¹
90 3166 112 3205 ῃ
303 3140 360 3196 Sor.
379 3142 412 3195 in
429 3141 526 3196 itinere
549 3141 594 3196 VI
607 3143 651 3196 Id.
671 3142 740 3212 Apr.
760 3161 786 3198 o.
807 3146 864 3197 696
882 3145 953 3210 (58),

32 3325 34 3376 r
429 3259 570 3320 ‘CICERO
589 3265 721 3320 ATTICO
742 3265 816 3321 SAL.

185 3370 318 3448 Itineris
345 3373 451 3437 nostri
479 3395 574 3438 eausa
601 3373 679 3458 fuit,
706 3374 794 3457 quod
820 3395 887 3438 non
908 3372 1070 3438 habebam
1091 3373 1137 3437 lo-

122 3482 206 3546 eum,
233 3461 292 3525 ubi
318 3483 378 3545 pro
401 3482 473 3527 meo
496 3462 566 3527 iure
590 3461 712 3526 diutius
735 3483 805 3526 esse
828 3482 958 3545 possem
982 3483 1079 3543 quam
1102 3461 1135 3523 in
