2578 3886
179 208 250 273 '358
510 209 547 264 M.
563 208 670 263 TULLI
690 207 881 263 CICERONIS

184 349 279 428 πινὲς
302 356 335 416 et
357 345 526 416 urbanum.
563 350 615 415 Ita
638 373 736 434 porro
760 355 793 416 tc
817 351 886 415 sine
909 371 986 414 cura
1010 370 1083 414 esse
1102 349 1210 435 iussit,

184 443 222 503 ut
250 440 331 503 milri
360 441 489 523 quidem
516 439 753 503 dubitationem
784 461 912 504 omnem
935 437 1075 502 tolleret.
1122 436 1210 501 Atti-

185 549 254 592 cam
282 528 375 592 doleo
404 533 469 592 tum
497 527 565 612 diu3
598 527 670 612 sed,
700 527 854 611 quoniam
881 527 947 591 iam
975 526 1045 590 sine
1072 526 1209 589 horrore

185 619 244 701 est,
269 637 363 700 spero
387 637 467 699 esse,
490 619 527 678 ut
551 616 711 680 uolumus.

662 789 733 854 VII.
1229 814 1238 853 ⁵

329 910 386 966 Ser.
401 912 433 964 io
454 911 611 964 Tusculano
629 928 662 964 m.
679 912 772 965 latere.
783 917 855 980 post.
871 928 896 965 a.
913 914 969 966 708
989 912 1060 978 (46).
1265 927 1266 934 ¹

492 1032 639 1089 OIOERO
656 1033 803 1088 ATTICO
821 1033 905 1088 SAL.

151 1161 165 1208 1
254 1141 342 1216 Quae
370 1141 544 1226 desideras,
572 1142 681 1205 omnia
710 1140 826 1225 scripsi
848 1141 884 1204 in
906 1141 1064 1205 codicillis
1088 1162 1207 1224 eosque

186 1229 282 1294 Eroti
309 1228 394 1313 dedi3
421 1226 576 1313 breviter,
609 1230 664 1293 sed
694 1229 791 1294 etiam
814 1230 923 1314 plura,
950 1251 1047 1313 quarn
1071 1230 1207 1312 quaeris,

186 1319 222 1382 in
244 1316 285 1381 iis
309 1316 350 1381 de
371 1315 537 1403 Cicerone3
571 1319 662 1382 cuius
687 1317 818 1401 quidem
842 1317 1051 1402 cogitationis
1075 1318 1205 1381 initium
1218 1342 1236 1380 o

186 1409 223 1470 tu
246 1405 327 1469 mihi
350 1405 500 1470 attulisti.
542 1405 686 1470 Locutus
711 1428 783 1469 sum
807 1427 880 1470 cum
904 1427 941 1470 eo
964 1405 1204 1488 liberalissime3

188 1493 275 1577 quod
305 1514 344 1557 ex
376 1495 448 1578 ipso
482 1493 597 1578 velim,
629 1495 657 1558 si
688 1495 785 1557 modo
813 1493 875 1557 tibi
904 1493 965 1558 erit
992 1494 1204 1578 commodum,

187 1582 357 1646 sciscitere.
396 1581 459 1646 Sed
481 1581 560 1665 quid
582 1581 717 1646 differo?
753 1581 901 1665 Exposui
924 1584 957 1645 tc
980 1584 1024 1646 cd
1043 1604 1096 1645 mc
1119 1582 1204 1645 detu-

185 1671 277 1757 lisse,
305 1674 338 1734 et
366 1670 444 1753 quid
466 1669 565 1733 vellet
588 1674 621 1733 et
645 1669 723 1753 quid
740 1671 927 1754 requireret.
974 1669 1067 1734 Velle
1089 1669 1203 1752 Hispa

186 1759 288 1844 niam,
324 1758 488 1841 requirere
523 1757 761 1822 liberalitatem.
816 1756 866 1822 De
901 1758 1099 1822 liberalitate
1130 1757 1233 1840 dixin

187 1850 345 1930 quantum
375 1845 551 1933 Publilius,
588 1849 746 1930 quantum
783 1845 902 1910 flamen
932 1845 1092 1910 Lentulus
1128 1846 1200 1909 filio.

185 1933 235 1999 De
257 1935 418 2018 Hispania
441 1934 504 1998 duo
528 1934 640 2018 attuli,
667 1934 809 2018 primum
832 1934 917 1998 idem
941 1934 1028 2017 quod
1050 1935 1127 2017 tibi,
1153 1954 1200 1996 me

186 2024 289 2087 vereri
315 2023 595 2106 vituperationem.
641 2019 719 2086 Non
742 2023 822 2086 satis
847 2044 932 2107 esse,
963 2023 991 2086 si
1014 2022 1094 2086 haec
1117 2042 1200 2086 arma

186 2110 452 2193 reliquissemus?
488 2111 586 2174 etiam
609 2109 793 2174 contraria?
825 2109 949 2174 Deinde
968 2111 1038 2175 fore
1056 2115 1094 2174 ut
1113 2130 1199 2194 ange

187 2202 291 2284 retur,
318 2220 391 2262 cum
416 2220 434 2261 a
461 2198 562 2262 fratre
585 2197 807 2262 familiaritate
831 2202 863 2262 et
891 2199 981 2262 omni
1006 2200 1113 2283 gratia
1136 2197 1230 2261 vin-ao

187 2289 321 2350 ceretur.
374 2285 428 2350 Me
465 2307 537 2350 eum
572 2287 664 2350 mulla
697 2286 894 2350 liberalitate
923 2287 975 2350 uti
1003 2309 1076 2351 mea
1110 2307 1198 2369 quam

188 2396 247 2438 sua
273 2373 432 2438 libertate.
480 2371 543 2438 Sed
570 2378 680 2437 tamen
708 2374 855 2459 permisi3
887 2375 950 2438 tibi
974 2375 1059 2439 enim
1083 2373 1199 2439 intelle·

187 2483 297 2525 reram
323 2483 391 2525 non
417 2462 514 2525 nimis
543 2461 720 2545 displicere,
766 2463 839 2548 Ego
863 2463 962 2527 etiam
986 2467 1085 2546 atque
1108 2463 1198 2526 etiam

188 2549 338 2633 cogitabo
362 2553 468 2635 teque,
491 2554 528 2613 ut
550 2549 636 2613 idem
658 2550 769 2635 facias,
790 2571 880 2636 rogo.
925 2551 1046 2636 Magna
1068 2573 1120 2616 res
1143 2553 1198 2633 est3

150 2637 999 2810 2⁵¹mtl2³sillomi¹²illstilicidiipitulilut
1016 2639 1228 2812 lielsslif

187 2813 284 2877 simul
303 2835 340 2877 ac
358 2812 498 2876 redierit.
537 2811 595 2878 Sin
614 2814 670 2878 ille
688 2811 823 2900 tardius,
846 2835 906 2900 ego
925 2818 1035 2879 tamen
1052 2816 1199 2900 triduum,

186 2905 228 2988 et,
251 2901 338 2985 quod
361 2901 522 2986 praeterii,
545 2900 718 2966 Dolabella
742 2903 840 2967 ctiam
863 2924 997 2968 mecum.

651 3076 741 3142 VIII.

329 3195 387 3251 Ser.
401 3197 434 3249 io
454 3196 611 3251 Tusculano
629 3215 663 3251 m.
679 3199 773 3252 iotcrc.
785 3205 856 3268 post.
871 3217 897 3254 a.
914 3203 970 3254 708
990 3203 1061 3270 (46).
1211 3206 1231 3248 ³⁰

491 3318 637 3374 CICERO
655 3319 802 3375 ATTICO
820 3322 903 3377 SAL.

251 3424 301 3490 De
320 3423 474 3491 Cicerone
496 3425 609 3491 multis
633 3449 684 3492 res
704 3429 817 3512 placet.
856 3427 972 3495 Comes
992 3435 1042 3494 est
1060 3431 1201 3497 idoneus.

186 3511 249 3577 Sed
280 3514 318 3577 de
346 3515 451 3598 prima
478 3515 632 3597 pensione
661 3520 736 3580 ante
766 3517 940 3582 uideamus.
987 3519 1091 3582 Adest
1120 3522 1201 3584 enim
