2568 3888
283 156 540 212 EPISTULARUM
558 158 608 212 AD
627 156 791 212 ATTIOUM
809 157 823 210 I
843 163 883 212 13.
1054 157 1096 220 15

74 297 221 365 consules
240 301 447 386 rogationem
460 302 696 386 promulgassa3
720 301 815 365 uxori
830 298 999 364 Caesarem
1016 321 1097 364 nun-

74 389 154 452 tium
177 389 353 453 remisisse
399 389 439 454 In
467 390 528 455 hac
557 412 652 454 causa
674 390 751 454 Piso
780 390 890 453 amicit
876 387 983 452 1.-11Ρ
1005 387 1098 452 Clodi

74 476 188 540 ductus
214 499 347 561 operam
371 477 440 562 dat,
412 482 504 542 tut
528 500 565 542 ea
587 478 729 562 rogatio,
761 499 858 561 quam
881 476 950 561 ipse
977 476 1041 539 fert
1065 480 1099 539 ct

73 566 136 629 fert
164 587 207 629 ex
236 570 329 629 senat
330 587 369 629 us
398 567 606 630 consultto
574 571 606 630 et
634 566 672 630 de
699 565 870 651 religione,
901 565 1096 666 antiquetur.

47 652 228 717 sMessalla
249 653 419 718 vehement
405 658 456 718 ter
474 654 576 718 adhuc
595 655 664 740 agit
683 675 798 718 severe
835 653 920 717 Boni
943 653 1005 716 viri
1028 673 1100 736 pre-

71 741 166 806 cibus
192 738 288 806 Clodi
315 747 522 806 removentur
545 765 563 806 a
586 764 694 826 causa,
723 763 838 844 operae
861 744 1099 825 comparantur,

70 830 231 893 nosmet
221 830 297 914 1psi,
321 852 377 914 qur
368 829 551 916 Lycurgei
566 853 584 895 a
598 831 757 914 principio
776 830 961 916 fuissemus
979 832 1032 893 cot
1018 828 1098 892 tidie

72 917 315 1003 demitigamur,
333 919 482 984 instatet
450 923 591 1003 etturge
577 917 666 984 tth
652 924 695 983 1ο.
731 917 814 994 Quid
827 918 952 982 multa?
975 937 1097 1002 vereor,

71 1028 112 1070 ne
143 1005 226 1071 haec
252 1006 400 1091 neglecta
427 1029 446 1070 1
473 1007 567 1071 bonis
573 1057 582 1092 ,
615 1007 744 1072 defensa
774 1006 815 1070 ab
844 1006 1003 1089 improbis
1033 1027 1098 1068 ma·

35 1115 218 1178 regnorum
236 1095 284 1158 rei
306 1095 454 1179 publicae
477 1096 637 1160 malorum
660 1117 756 1160 causa
779 1095 830 1159 sit.
877 1094 965 1159 Tuus
990 1097 1134 1158 11111114

70 1183 126 1246 ille
158 1182 282 1247 amicus
307 1182 408 1270 (acin,
441 1204 537 1266 quem
560 1181 718 1270 dicaml),
748 1183 786 1247 de
816 1204 880 1266 quo
909 1185 947 1246 tu
976 1182 1017 1246 ad
1045 1203 1098 1246 me

73 1271 251 1354 scripsisti,
278 1274 491 1355 posteaquam
518 1292 585 1336 non
608 1271 739 1336 auderet
761 1271 1004 1354 reprehendere,
1030 1270 1098 1334 lau·

73 1359 149 1422 dare
174 1359 333 1444 coepisse,
355 1381 430 1444 nos,
452 1364 490 1423 ut
514 1360 670 1444 ostendit,
694 1359 867 1423 admodum
888 1359 1010 1444 diligit,
1033 1381 1098 1422 am·

72 1447 241 1530 plectitur,
264 1451 360 1531 amat,
384 1452 494 1530 aperte
516 1448 636 1534 laudat,
660 1448 793 1531 occulte,
816 1447 945 1530 sedita,
968 1450 1006 1511 ut
1028 1469 1099 1531 per·

35 1560 58 1600 a
74 1536 227 1618 spicuum
250 1535 306 1619 sit,
329 1535 458 1600 invidet.
504 1535 597 1601 Nihil
620 1558 718 1620 come,
740 1535 824 1599 nihil
847 1536 992 1618 simplex,
1014 1534 1099 1598 nihil

72 1623 110 1688 ἐν
133 1634 208 1699 τοῖς
231 1627 415 1700 πολιτικοῖς
437 1623 574 1710 illustre,
595 1625 679 1689 nihil
695 1624 880 1708 honestum,
901 1622 986 1686 nihil
1003 1623 1098 1706 forte,

70 1711 157 1775 nihil
190 1711 339 1776 liberum.
395 1710 457 1776 Sed
486 1712 564 1777 haec
599 1713 638 1777 ad
672 1717 705 1777 te
735 1712 875 1777 scribam
910 1711 990 1775 alias
1024 1710 1097 1773 sub-

71 1799 183 1884 tilius3
219 1820 296 1864 nam
329 1821 434 1884 neque
471 1801 574 1864 adhuc
610 1801 691 1865 mihi
722 1801 802 1865 satis
830 1802 910 1864 nota
940 1801 1031 1884 sunt,
1066 1801 1099 1861 et

72 1887 150 1952 huic
171 1891 279 1952 terrae
296 1888 366 1952 filio
384 1889 493 1953 nescio
513 1890 565 1953 cui
583 1890 785 1954 committere
803 1887 977 1971 epistulam
995 1886 1098 1950 tantis

36 2003 60 2041 so
73 1975 113 2038 de
135 1975 236 2039 rebus
259 1997 327 2040 non
349 1977 458 2041 audeo

141 2063 332 2128 Provincias
367 2069 459 2148 praet
460 2087 531 2130 ores
567 2066 713 2129 nondum
750 2068 819 2128 sort
805 2064 860 2128 itti
898 2067 982 2127 sunt.
1033 2061 1134 2127 Resa

73 2152 190 2215 eodem
223 2155 272 2216 est
303 2152 380 2238 loci,
411 2174 474 2237 quo
506 2153 677 2237 reliquisti.
737 2155 963 2235 Τοποθεσίαν,
1001 2172 1099 2234 quam

72 2239 225 2323 postulas
239 2239 359 2305 Miseni
377 2245 410 2304 et
396 2241 487 2304 ttPu
489 2242 643 2326 colorum,
660 2240 823 2304 includam
842 2243 913 2304 orat
914 2239 982 2303 ioni
999 2261 1098 2303 meae

74 2325 125 2391 h
151 2328 245 2392 dm
267 2327 351 2392 Non
375 2328 557 2393 Decembr’
589 2330 740 2394 mendosa
769 2329 871 2394 fuisse
901 2328 1099 2392 animadver-

37 2421 189 2482 ateram
236 2414 324 2491 Quae
346 2416 457 2480 laudas
482 2439 520 2480 ex
542 2418 754 2502 orationibus,
776 2416 859 2481 mihi
883 2417 983 2501 crede,
1005 2416 1099 2479 valde

74 2503 159 2567 mihi
182 2503 366 2590 placebant,
397 2505 541 2569 sednon
569 2506 804 2570 audebamt
749 2509 804 2569 ant
806 2527 843 2570 aa
867 2505 983 2588 dicerc3
1013 2525 1100 2568 nunc

73 2613 168 2677 vera,
199 2593 328 2675 quoda
351 2593 545 2677 taprobata
567 2597 657 2680 sunt,
686 2593 790 2658 multo
821 2593 867 2656 mi
899 2593 1099 2678 &catadupa

74 2680 236 2745 videntur
274 2679 314 2746 In
336 2681 426 2745 illam
451 2683 630 2747 orationem
649 2647 718 2746 hiet
720 2682 851 2746 ellinam
875 2681 983 2745 addidi
1007 2701 1100 2764 quae-

75 2767 160 2833 dam.
206 2766 303 2833 Liber
332 2769 396 2833 tibi
430 2770 540 2834 mittet
526 2775 594 2856 t,ur
629 2771 781 2855 quoniam
811 2773 845 2834 11
875 2791 965 2834 amor
994 2769 1100 2832 nostri

38 2883 63 2923 11
76 2859 308 2942 φιλορρήτορα
330 2858 478 2923 reddidit.

144 2943 233 3009 Novi
246 2946 310 3009 tibi
325 2946 478 3030 quidnam
497 2947 658 3011 scribam?
682 2947 781 3031 quid?
805 2946 911 3010 etiam.
948 2945 1099 3010 Messalla
1119 2963 1135 3010 6

76 3034 190 3098 consul
204 3031 443 3099 Autronianam
461 3035 592 3099 domum
610 3035 688 3099 emit
706 3033 762 3100 HS
779 3035 972 3120 †cxxm111.
1004 3032 1101 3109 ‘Quid

75 3121 109 3186 id
129 3122 169 3186 ad
187 3121 275 3186 me?'
298 3123 432 3206 inquies.
470 3122 620 3210 Tantum,
645 3123 731 3208 quod
750 3123 969 3207 coemptione
989 3124 1021 3186 et
1038 3143 1100 3185 nos

76 3210 157 3276 bene
177 3211 294 3276 emisse
312 3211 447 3276 iudicati
465 3233 585 3296 sumus,
607 3216 640 3276 et
658 3212 806 3276 homines
824 3211 1011 3294 intellegere
1031 3231 1100 3274 coe-

38 3327 63 3366 11
76 3304 195 3382 parunt
217 3299 315 3364 licere
340 3300 516 3365 amicorum
540 3300 752 3364 facultatibus
777 3299 813 3363 in
836 3299 968 3364 emendo
992 3297 1032 3362 ad
1055 3297 1101 3360 di-

77 3390 237 3473 gnitatem
255 3388 400 3473 aliquam
417 3389 592 3473 pervenire.
626 3389 758 3453 Teucris
781 3388 839 3452 illa
857 3386 981 3450 lentum
1003 3405 1101 3469 nego·

76 3479 158 3543 tium
196 3480 260 3562 est,
298 3477 353 3541 sed
385 3480 494 3542 tamen
526 3481 574 3542 est
606 3477 642 3541 in
674 3499 738 3560 ape.
795 3475 844 3539 Tu
875 3475 940 3538 ista
973 3473 1100 3535 confice.
