2578 3886
258 142 518 198 EPISTULARUM
537 143 588 197 An
606 143 771 198 ATTIOUM
789 145 841 197 XlI
861 149 974 197 19-21.
1061 144 1125 209 367

580 375 649 439 ΧΧ.

332 495 390 550 Sor.
405 495 526 551 Actum
544 497 588 550 Id.
604 496 693 551 Mart.
709 514 734 550 ι.
752 500 807 551 709
828 499 896 564 (45).

411 618 557 674 CICERO
575 619 722 674 ATTICO
741 619 824 674 SAL.

170 724 328 790 Nondum
346 724 465 790 videris
485 727 674 811 perspicere,
698 748 796 810 quam
814 748 866 790 me
883 749 942 790 nec
960 725 1159 791 Antoniusr

68 814 326 898 scommoverit,
348 835 407 878 nec
430 815 604 898 quicquam
626 815 692 878 iam
716 815 784 879 eius
807 815 895 878 modi
917 815 1023 916 possit
1042 837 1126 879 eom-

98 923 242 967 movere.
290 900 340 965 De
362 901 514 968 Terentio
537 906 645 966 autem
670 903 784 987 scripsi
808 902 885 966 adt
871 907 903 966 ιι
928 904 973 967 ιιι
996 903 1127 989 litteris,

100 1013 186 1074 quas
215 989 364 1054 dederam
391 990 502 1073 pridie.
549 990 643 1066 Quod
669 1013 720 1054 me
750 990 826 1054 hort
812 991 893 1054 taris
916 990 1013 1085 idque
1038 1013 1056 1054 a
1079 1012 1126 1056 ce-

100 1079 185 1143 teris
209 1077 394 1158 desiderari
403 1079 529 1164 scribis,
551 1083 589 1142 ut
608 1079 809 1144 dissimulem
826 1101 878 1142 me
896 1071 964 1143 tam
983 1078 1126 1164 graviter

101 1167 228 1250 dolere,
256 1187 430 1249 possumne
457 1167 577 1253 magis,
600 1188 701 1319 quam
731 1167 818 1250 quod
845 1170 933 1231 totos
962 1168 1030 1231 dies
1053 1189 1127 1232 eon-

58 1281 87 1319 10
102 1277 199 1320 sumo
228 1255 264 1318 in
286 1254 428 1318 litteris?
466 1254 559 1330 Quod
582 1255 644 1319 etsi
667 1277 735 1319 non
758 1255 1041 1341 dissimulationis,
1071 1257 1127 1321 sed

101 1344 217 1428 potius
244 1341 385 1406 leniendi
414 1347 446 1406 et
475 1344 609 1407 sanandi
637 1344 737 1408 animi
764 1365 860 1407 causa
882 1344 981 1427 facio,
1008 1348 1127 1430 tamen,

103 1433 133 1496 si
157 1431 240 1496 mihi
262 1431 370 1495 minus
393 1431 537 1516 proficio,
562 1431 763 1496 simulationi
786 1435 872 1496 certe
895 1431 977 1495 facio
1003 1432 1090 1496 satis.

172 1519 283 1583 Minus
306 1519 411 1584 multe
434 1521 475 1583 ad
497 1524 530 1584 te
554 1521 678 1606 scripsi,
702 1520 789 1604 quod
808 1524 938 1602 exspect
924 1519 1067 1583 ttabam
1053 1524 1127 1584 uas
1146 1536 1161 1582 a

102 1607 234 1672 litteras
267 1607 406 1709 adeas,
440 1629 520 1691 quas
550 1608 653 1693 pridie
681 1607 838 1672 dederam
888 1607 1128 1691 Exspectabam

63 1721 90 1761 ιι
104 1701 216 1761 autem
243 1696 382 1760 maxime
409 1696 447 1760 de
470 1697 562 1782 fano,
588 1718 656 1760 non
677 1696 761 1760 nihil
785 1696 882 1760 etiam
905 1695 944 1758 de
967 1695 1126 1759 Terentia.

104 1784 215 1849 Velim
246 1805 298 1848 me
320 1783 419 1850 facias
443 1785 613 1849 certiorem
636 1784 793 1867 proximis
816 1783 950 1866 litteris,
974 1780 1031 1847 Cn
1052 1781 1127 1847 Cae

105 1873 171 1958 pio,
195 1870 349 1936 Serviliae
373 1870 565 1936 Claudit
494 1877 565 2024 pat
567 1896 611 1957 er,
633 1872 749 1937 vivona
766 1876 824 1955 pat
826 1893 860 1936 re
879 1893 938 1936 suo
957 1871 1127 1955 naufragio

105 1961 240 2044 perierit
264 1982 305 2023 ιιι
327 1964 415 2024 mort
416 1982 467 2044 uo,
491 1960 570 2025 item
588 1925 656 2024 ltus
657 1961 714 2024 ilia
736 1958 908 2025 vivoneC.
929 1957 1035 2042 Cotta,
1058 1959 1127 2023 filio

107 2071 177 2134 suo,
199 2052 330 2112 mortua
353 2047 397 2112 sit
420 2071 462 2113 an
484 2053 570 2113 mort
572 2071 622 2113 uo.
659 2048 827 2112 Pertinent
846 2047 887 2112 ad
906 2069 978 2112 eum
997 2047 1129 2133 librum,

68 2162 94 2201 ao
109 2158 207 2220 quem
231 2136 270 2200 de
293 2138 384 2200 luctu
407 2137 581 2202 minuendo
606 2137 803 2221 scripsimus.

573 2313 660 2378 XXI.

301 2433 358 2488 Ser.
373 2435 494 2490 Asturae
512 2435 594 2489 XVI
608 2435 645 2487 K.
660 2433 730 2502 Apr.
747 2452 773 2488 a.
790 2438 845 2489 709
865 2438 933 2502 (45).

346 2545 349 2550 ¹
414 2556 560 2612 CICERO
578 2557 725 2612 ATTICO
744 2557 826 2612 SAL.

175 2665 256 2750 Legi
278 2665 375 2729 Bruti
398 2666 572 2748 epistulam
595 2687 729 2748 eamque
751 2665 813 2729 tibi
837 2666 949 2730 remisi
968 2687 1044 2729 sane
1062 2688 1129 2730 non
1149 2679 1164 2729 1

73 2778 99 2820 ιι
111 2754 283 2838 prudenter
301 2754 492 2837 rescriptam
511 2755 551 2818 ad
570 2775 615 2838 ιι,
637 2776 719 2836 quae
738 2753 938 2837 requisieras,
978 2753 1040 2818 Sed
1059 2755 1129 2838 ipse

112 2843 234 2907 viderit.
280 2840 481 2925 Quamquam
513 2843 596 2906 illud
623 2841 762 2925 turpiter
786 2842 923 2926 ignorat.
972 2840 1130 2906 Catonem

112 2931 251 3015 primum
280 2930 475 2995 sententiam
502 2934 598 3014 putat
626 2929 664 2994 de
695 2929 971 2994 animadversione
1000 2930 1129 3014 dixisse,

114 3043 208 3104 quam
231 3041 342 3083 omnes
366 3022 441 3083 ante
408 3019 613 3083 tdixerant
636 3022 728 3101 praet
731 3040 764 3082 er
714 3017 967 3104 t,Caesarem
991 3021 1034 3102 et,
1056 3041 1130 3082 cum

113 3108 213 3191 ipsius
241 3105 484 3172 Caesaristam
433 3129 623 3171 amsevera
650 3107 762 3192 fuerit,
791 3107 848 3190 qui
870 3111 942 3171 tum
965 3107 1129 3190 praetorio

77 3197 181 3261 soloce
205 3197 332 3280 dixerit,
355 3194 574 3260 consularium
597 3219 642 3280 pu
643 3200 693 3259 tat
643 3195 854 3260 tleniores
878 3196 989 3278 fuisse,
1012 3192 1130 3276 Catuli,

115 3283 240 3368 Servili,
268 3283 486 3368 Lucullorum,
515 3283 676 3366 Curionis,
699 3283 867 3368 Torquati,
889 3246 1013 3366 Lepidi,
1036 3279 1131 3366 Gelli,

114 3336 243 3438 Volcaci
242 3371 389 3474 ›ffisslflis
409 3371 470 3436 Cot
456 3336 532 3458 ιιιι,
555 3371 590 3435 L
605 3369 762 3455 Caesaris
780 3369 814 3436 L
829 3370 966 3454 Prsoms
985 3367 1096 3432 ιιι
1053 3366 1129 3431 Gla-

115 3461 312 3548 brionis,et
281 3462 379 3525 etiam
409 3425 532 3545 Sileni,
553 3459 707 3524 Murenae
712 3423 990 3546 ,designatorum
1018 3477 1130 3521 consu-
