2564 3880
161 128 229 192 456
482 126 520 182 Μ.
539 126 648 180 TULLI
666 125 856 180 CICERONIS

161 290 226 336 vm
253 271 330 335 Idus
357 270 485 334 litteras
513 269 661 334 dederam
688 269 769 334 bene
796 291 904 354 mane,
936 269 1049 333 eodem
1078 272 1190 332 autern

163 361 252 424 diet
238 364 311 423 tuas
333 359 389 422 litt
375 362 461 422 teras
485 359 611 441 vesperi
635 379 817 441 acceperam
836 358 871 422 in
889 357 1089 458 Pompeiano
1109 379 1189 421 rane

163 449 309 512 celeriter
332 447 407 512 tert
398 469 430 511 ιο
383 446 513 511 tabs
536 451 569 510 te
593 447 652 510 die.
700 444 772 531 Sed,
793 449 831 510 ut
854 446 894 510 ad
917 449 951 509 te
974 467 1011 510 eo
1036 446 1110 528 ipso
1134 445 1188 508 die

165 537 364 619 scripseram,
388 535 467 599 satis
487 534 648 600 aculeatas
668 534 709 597 ad
726 533 931 598 Dolabellam
949 533 1079 598 litteras
1098 533 1188 618 dedi;

165 646 246 708 quae
270 623 298 688 si
320 622 404 688 nihil
425 622 631 708 profecerint,
653 626 734 705 puto
757 623 827 686 fore
848 627 886 686 ut
910 644 961 686 me
981 626 1188 704 praesentem
1216 648 1229 687 5

164 735 231 777 non
255 712 421 776 sustineat.

129 817 145 862 2
232 799 409 864 Albianum
440 803 473 864 ιο
505 798 681 864 confecisse
714 798 863 864 arbitror.
913 797 963 862 De
994 797 1187 862 Patulciano

164 889 307 972 nomine,
339 887 426 972 quod
457 887 539 950 mihi
570 885 828 971 †suspendiatus
862 890 925 971 est,
958 886 1186 972 gratissimum

165 981 215 1040 est
247 980 279 1039 et
307 975 411 1040 simile
438 979 570 1039 tuorum
597 974 749 1038 omnium.
801 972 864 1040 Sed
891 995 952 1060 ego
979 974 1116 1038 Erotem
1146 974 1186 1038 ad

164 1065 229 1128 ista
255 1063 450 1147 expedienda
471 1063 593 1128 factum
615 1062 697 1126 mihi
719 1063 851 1126 videbar
874 1063 1058 1146 reliquisse,
1091 1062 1185 1128 euius
1201 1091 1228 1128 ιο

163 1174 231 1216 ιιοιι
267 1152 337 1216 sine
373 1173 491 1238 magna
527 1151 622 1234 culpa
653 1151 854 1216 vacillarunt.
908 1149 971 1216 Sed
1003 1172 1078 1216 cum
1109 1151 1185 1234 ipso

167 1240 287 1304 videro.

129 1345 146 1392 3
232 1326 282 1392 De
305 1327 471 1410 Montano,
493 1332 532 1392 ut
555 1348 650 1410 saepe
674 1327 714 1390 ad
737 1331 770 1392 te
794 1327 919 1412 scripsi,
942 1327 1005 1390 erit
1027 1327 1092 1392 tibi
1115 1331 1190 1391 tota
1274 1405 1275 1410 ¹

166 1437 217 1479 res
236 1438 339 1480 curae.
377 1413 508 1480 Servius
527 1416 734 1500 proficiscens
750 1415 835 1498 quod
848 1416 1061 1517 desperanter
1079 1419 1190 1480 tecum

165 1504 294 1569 locutus
322 1508 386 1589 est,
416 1504 549 1568 minime
575 1504 677 1568 miror
699 1525 805 1586 neque
828 1503 857 1568 ei
881 1504 1054 1587 quicquam
1076 1504 1112 1568 in
1135 1503 1188 1568 de
1202 1529 1229 1568 ιο
1274 1565 1275 1568 ,

128 1594 349 1693 4οροιοιιοιιο
372 1593 518 1657 concedo.
565 1591 648 1656 Brut
634 1596 688 1656 tus
711 1595 836 1675 noster,
864 1592 1039 1676 singularis
1063 1593 1128 1677 ιιι,
1160 1593 1190 1657 si

166 1685 376 1745 msenatum
404 1702 472 1744 non
495 1683 545 1744 est
567 1679 640 1744 Kal.
659 1679 761 1744 Iuniis
785 1642 956 1765 reiturus,
984 1680 1063 1763 quid
1085 1680 1190 1744 factu·
1274 1729 1275 1774 3

166 1791 222 1832 rus
247 1770 348 1834 sitin
369 1769 451 1869 foro,
472 1768 589 1832 nescio.
629 1767 692 1832 Sed
713 1767 868 1851 hocipse
888 1732 1011 1833 melius
1049 1767 1124 1853 Ego
1149 1791 1189 1832 ex
1274 1765 1275 1864 1

166 1857 217 1943 iis,
240 1879 321 1940 quae
340 1879 447 1939 parari
438 1856 569 1941 video,
590 1877 658 1920 non
675 1855 759 1919 mult
745 1859 816 1920 tum
834 1855 947 1920 Idibus
965 1855 1095 1920 Martiis
1114 1880 1189 1940 pro·
1274 1865 1275 1893 ¹

166 1910 286 2009 sedtum
318 1945 433 2009 iudico.
483 1943 598 2026 Itaque
629 1945 666 2008 de
698 1942 831 2008 Graecia
864 1943 981 2008 cotidie
1015 1945 1120 2029 magis
1155 1950 1189 2009 οι
1203 1973 1229 2010 so

165 2034 271 2118 magis
295 2034 413 2117 cogIto
369 2030 517 2096 tNec
541 2033 627 2096 enim
649 2032 752 2097 Bruto
776 2054 848 2096 meo
873 2032 1032 2118 exsilium,
1054 2037 1093 2096 ut
1112 2034 1189 2098 scri-

167 2121 217 2184 bit
235 2122 312 2205 ipse,
331 2121 489 2184 meditan
433 2125 502 2184 ι
493 2120 613 2184 rideo
633 2121 711 2204 quid
729 2120 881 2203 prodesse
898 2121 1031 2205 possim.
1073 2119 1189 2186 Leoni

167 2209 226 2272 dae
248 2230 299 2273 me
321 2209 450 2272 litterae
472 2230 540 2272 non
563 2209 643 2272 satis
663 2209 870 2272 delectarunt.
908 2207 957 2272 De
976 2207 1105 2274 Herode
1124 2209 1188 2273 tibi

167 2297 339 2360 adsentior.
386 2294 495 2360 Saufei
517 2297 635 2380 legisse
658 2297 782 2361 vellem.
827 2296 901 2381 Ego
925 2318 963 2360 ex
986 2296 1188 2381 Pompeiano

166 2403 203 2448 VI
225 2385 303 2448 Idus
326 2383 401 2447 Mai.
424 2385 617 2469 cogitabam.
1202 2411 1227 2450 ιι

631 2558 718 2625 XIX.

305 2678 362 2733 Ser.
377 2680 409 2733 irc
428 2681 597 2748 Pompeiano
621 2681 701 2734 VIII
714 2681 758 2736 Id.
775 2681 847 2735 Mai.
864 2699 889 2735 α.
907 2685 961 2736 710
981 2685 1050 2750 (44).

533 2802 661 2858 CICERO
681 2803 821 2858 ATTICO.

130 2927 146 2974 1
233 2907 339 2973 Nonis
357 2909 454 2977 Maiis
473 2933 546 2976 cum
565 2934 668 2976 essem
686 2912 720 2975 in
738 2912 947 2998 Pompeiano,
966 2915 1073 3066 accepi
1092 2915 1187 2980 binas
1273 2913 1274 2940 ¹

167 2997 333 3061 atelitt
319 3002 420 3081 t,eras
448 3000 495 3063 alt
481 3004 567 3064 teras
596 3005 688 3064 sexto
717 3000 781 3085 die,
814 3000 860 3065 alt
846 3005 932 3066 teras
961 3007 1088 3085 quarto
1135 3003 1187 3068 Ad
1200 3029 1223 3068 co

167 3086 348 3169 superiores
371 3088 474 3172 igitur
496 3089 596 3170 prius.
643 3087 745 3163 Quam
767 3052 849 3152 inihi
871 3089 1047 3154 iucundum
1072 3113 1091 3155 o
1092 3113 1187 3175 ppor·

166 3178 244 3238 tune
266 3174 329 3238 tibi
352 3174 535 3240 Barnaeum
557 3176 612 3239 litt
598 3180 684 3240 teras
707 3177 897 3242 reddidisse!
938 3178 988 3242 Tu
1010 3201 1088 3244 rero
1113 3203 1187 3244 curn

167 3259 279 3326 Cassio
311 3267 350 3326 ut
382 3266 496 3326 cetera.
545 3261 649 3337 Quam
680 3265 846 3328 commode
878 3270 934 3329 aut
935 3288 1001 3351 em,
1033 3268 1121 3350 quod
1153 3269 1186 3332 id

165 3348 287 3434 ipsum,
316 3350 402 3433 quod
424 3371 476 3412 me
499 3370 620 3432 mones,
651 3352 829 3432 quadriduo
852 3357 927 3416 ante
950 3355 991 3419 ad
1014 3375 1088 3420 eum
1111 3356 1185 3420 scri-
1272 3407 1273 3420 r

165 3458 293 3518 pseram
320 3437 566 3518 exemplumque
592 3459 736 3501 mearum
763 3440 819 3504 litt
790 3444 948 3506 tetrarum
971 3442 1012 3506 ad
1034 3446 1068 3507 te
1090 3445 1184 3508 mise·
1198 3469 1221 3508 ιο
