2568 3888
188 185 230 248 70
512 182 549 236 M.
569 181 677 236 TULLI
695 180 885 236 CICERONIS

152 345 168 394 6
254 327 303 392 De
325 350 360 392 re
382 326 512 411 publica
533 326 617 390 nihil
639 325 743 390 habeo
763 327 803 390 ad
821 329 854 389 te
873 325 1012 389 scribere
1035 324 1102 388 nisi
1126 345 1221 387 sum-

85 451 88 458 ·
185 439 277 482 mum
309 417 420 481 odium
452 415 597 479 omnium
628 414 798 478 hominum
828 414 862 478 in
896 435 964 497 ecs,
1002 413 1058 497 qui
1096 415 1219 476 tenent

188 505 303 570 omnia.
340 503 533 568 Mutationis
556 506 666 567 tamen
684 524 757 585 spes
775 502 873 566 nulla.
913 501 984 585 Sed,
1008 501 1097 584 quod
1114 501 1217 564 facile

187 593 307 658 sentias
340 593 447 656 taedet
469 591 577 674 ipsum
598 590 789 675 Pompeium
805 589 1077 674 vehementerque
1099 589 1215 672 paeni·

187 686 242 746 tet.
280 647 357 745 an
374 679 527 765 provideo
553 680 641 765 satis,
665 701 760 763 quem
778 679 902 743 exitum
914 678 1063 742 futurum
1082 681 1215 764 putem3
1244 703 1258 742 s

188 770 244 834 sed
267 773 353 834 certe
375 767 526 832 videntur
548 766 628 831 haec
651 767 760 850 aliquo
783 771 945 850 eruptura.

153 874 168 922 v
253 857 371 922 Libros
390 854 575 939 Alexandri,
597 855 798 940 neglegentis
821 854 964 919 hominis
983 857 1015 917 et
1037 875 1107 918 non
1129 853 1214 917 boni

186 948 310 1030 poetae,
333 946 389 1009 sed
407 948 516 1008 tamen
533 965 599 1008 non
617 943 753 1026 inutilis,
776 943 839 1008 tibi
856 943 975 1007 remisi.
1012 940 1213 1006 Numerium

187 1032 393 1098 Numestium
422 1032 561 1096 libenter
591 1032 697 1115 accepi
727 1033 762 1095 11
784 1031 959 1095 amicitiam
982 1035 1014 1094 ct
1041 1029 1213 1094 hominem

188 1143 318 1206 gravem
345 1124 377 1184 et
404 1121 596 1203 prudentem
626 1123 658 1184 et
686 1120 820 1204 dignum
847 1123 905 1184 tua
927 1119 1212 1184 commendatione
1228 1146 1255 1183 ιο

190 1231 335 1294 cogncvr.

635 1383 754 1448 XXIII.

348 1506 404 1562 Sor.
424 1505 528 1560 Romae
546 1511 610 1560 cate
629 1505 691 1558 XV
706 1505 744 1558 K.
761 1506 832 1560 Noc.
852 1524 878 1560 c.
898 1507 954 1560 695
973 1508 1043 1574 (59).

508 1627 636 1682 CICERO
655 1626 788 1683 ATTICO
807 1627 882 1682 SAL.

153 1754 167 1802 1
253 1739 439 1822 Numquam
463 1740 537 1800 anta
561 1736 702 1820 arbitror
721 1739 754 1800 te
774 1737 945 1820 epistulam
963 1759 1069 1801 meam
1087 1737 1207 1822 legisse
1223 1762 1249 1802 15
1273 1771 1274 1818 ,

187 1829 252 1893 nisi
283 1850 355 1892 mea
386 1847 483 1890 manu
516 1825 676 1908 scriptam.
731 1824 782 1888 Ex
816 1846 852 1888 eo
886 1824 1038 1909 colligere
1075 1825 1207 1909 poteris,

189 1921 310 2000 quanta
333 1913 541 1996 occupatione
564 1913 727 1977 distinear.
773 1911 872 1994 Nam,
902 1934 975 1976 cum
1004 1914 1098 1977 vacui
1130 1916 1207 1978 tcm-

188 2004 277 2088 poris
300 2002 383 2066 nihil
405 2001 569 2083 haberem,
592 2004 625 2064 et
648 2022 721 2064 cum
743 2001 932 2065 recreandae
954 2001 1088 2065 voculae
1113 2023 1207 2066 causa

188 2113 317 2156 necesse
348 2093 432 2154 esset
461 2088 542 2153 miln'
572 2089 751 2171 ambulare,
780 2089 859 2154 haec
882 2089 1000 2153 dictavi
1027 2089 1204 2154 ambulans.

152 2180 333 2244 2Primum
363 2177 464 2262 igitur
497 2176 579 2240 illud
609 2180 642 2240 te
676 2177 757 2241 scire
787 2177 875 2260 volo,
908 2175 1205 2261 Sampsiceramum,
1220 2205 1247 2242 so

188 2272 338 2332 nostrum
352 2265 498 2347 amicum,
516 2264 721 2329 vehementer
740 2265 791 2328 sui
810 2269 915 2329 status
933 2265 1097 2348 paenitere
1116 2265 1205 2330 resti-

188 2357 302 2438 tuique
324 2354 359 2417 in
381 2375 453 2417 eum
475 2353 583 2418 locum
606 2373 729 2436 cupere,
753 2376 792 2417 ex
815 2374 879 2437 quo
899 2352 1026 2434 decidit,
1050 2353 1206 2419 dolorem·

189 2465 250 2527 que
269 2464 363 2506 suum
377 2441 543 2525 impertire
556 2442 652 2506 nobis
668 2445 700 2504 et
714 2441 905 2505 medicinam
918 2441 1083 2504 interdum
1097 2446 1206 2525 aperto

189 2551 352 2615 quaerere,
384 2551 481 2614 quam
508 2550 567 2614 ego
596 2551 730 2613 possum
757 2530 901 2593 invenire
922 2529 1059 2612 nullam3
1094 2530 1206 2595 deinde

189 2641 299 2684 omnes
318 2619 407 2682 illius
430 2618 533 2701 partis
556 2622 704 2683 auctores
723 2639 760 2682 ac
784 2617 888 2682 socios
911 2617 1002 2681 nullo
1022 2617 1244 2684 adversarios

188 2727 422 2791 consenescere,
445 2706 687 2770 consensionem
710 2706 934 2769 universorum
951 2727 1011 2770 100
1027 2705 1206 2783 voluntatis

188 2817 247 2860 nec
271 2795 426 2859 sermonis
450 2794 605 2858 maiorem
627 2816 781 2878 umquam
803 2793 910 2857 fuisse.

151 2896 169 2944 3
255 2882 325 2948 Nos
344 2886 452 2946 autem
471 2879 560 2968 (nam
578 2882 612 2945 id
636 2886 669 2946 te
692 2882 774 2946 scire
800 2902 914 2965 cupere
935 2885 1023 2946 certo
1047 2879 1130 2968 scio)
1151 2905 1206 2966 pu-

187 2971 282 3036 blicis
310 2971 453 3036 consiliis
481 2970 580 3034 nullis
603 2970 801 3034 intersumus
829 2973 981 3053 totosque
1008 2990 1068 3034 nos
1097 2970 1138 3032 ad
1159 2970 1204 3034 fo

187 3081 315 3124 rensem
338 3080 468 3141 operam
490 3058 698 3141 laboremque
717 3057 922 3123 contulimus.
950 3056 1002 3120 Ex
1022 3079 1095 3141 quo,
1120 3058 1203 3142 quod
1216 3085 1241 3124 cc

188 3147 282 3212 facile
300 3147 447 3231 intellegi
464 3147 578 3230 possit,
600 3146 635 3209 11
655 3147 759 3210 multa
773 3145 1077 3210 commemoratione
1097 3167 1203 3211 earum

187 3257 308 3322 rerum,
342 3257 421 3318 quas
455 3235 628 3319 gessimus,
662 3234 882 3317 desiderioque
914 3255 1088 3298 versamur.
1145 3232 1203 3299 Sed

188 3325 356 3406 11011111ος
378 3327 509 3387 nostrae
532 3321 789 3406 consanguineus
813 3343 880 3386 non
907 3323 1082 3386 mediocres
1106 3327 1203 3388 terro-
1271 3371 1272 3378 ,

188 3434 238 3476 1οι
263 3412 339 3476 iacit
364 3415 461 3496 atque
480 3410 649 3474 denuntiat
668 3414 700 3472 et
720 3407 974 3493 Sampsiceramo
997 3414 1105 3497 negat,
1128 3415 1202 3475 ceta

186 3499 233 3563 ris
264 3521 341 3583 prae
373 3521 407 3564 se
436 3499 499 3563 fert
528 3503 561 3562 et
589 3501 740 3562 ostentat.
787 3495 890 3572 Quam
920 3499 961 3563 ob
989 3521 1072 3585 rcm,
1102 3499 1130 3563 si
1155 3522 1202 3563 me
1215 3527 1239 3566 ss
1271 3505 1272 3530 ³
