2560 3880
293 141 467 196 EPISTULA
485 141 533 194 AD
553 139 791 196 OCTAVIANUM
811 145 905 194 7—10
1044 139 1108 202 565

110 285 317 350 subactaet
285 288 317 349 et
345 285 421 349 ad
411 249 598 369 1mperium
608 284 735 348 adiuuet
721 288 772 348 tae
794 283 991 368 provinciae,
1019 282 1109 346 nulla

109 373 250 457 dignitas
290 373 447 437 maiorum
484 372 682 437 conciliasset
668 377 785 436 team
822 372 1013 455 potentiam,
1054 371 1108 434 sed

109 461 212 525 forma
243 483 298 544 per
330 461 462 524 dedecus
493 461 658 543 pecuniam
690 463 721 523 et
754 481 872 524 nomen
900 459 1008 524 nobile
1037 479 1108 522 con-

111 549 242 613 scelerat
228 553 297 612 tum
319 549 517 631 impudicitia
540 547 686 633 dedisset,
663 551 762 630 tqui
781 544 903 611 veteres
922 547 1107 612 vulneribus

80 640 142 703 set
169 640 272 700 aetate
301 637 460 701 confectos
487 635 627 700 Iulianos
651 636 857 720 gladiatores,
885 639 1014 720 egentes
1037 635 1108 699 reli·

110 725 201 808 quias
224 722 368 788 Caesaris
390 724 467 809 ludi,
489 723 660 788 ad'rudem
683 724 895 809 compulisset,
919 723 1035 807 quibus
1054 723 1107 786 ille

110 816 238 896 saeptus
268 813 374 876 omnia
402 813 561 899 misceret,
589 812 686 876 nullis
708 815 865 898 parceret,
894 812 956 876 sibi
978 812 1109 897 viveret,

109 900 166 983 qui
192 900 392 983 tamquam
383 915 417 964 ιιι
444 901 499 964 dot
501 900 544 964 ali
566 901 769 965 matrimonio
791 922 859 964 rem
880 899 1068 984 publicam
1063 903 1108 963 te-

110 992 269 1051 sttameno
296 988 435 1072 legatam
462 988 524 1052 sibi
551 988 710 1052 obtinere
715 989 732 1052 ἰ
767 987 908 1053 Audierit
931 989 994 1052 duo
1016 973 1106 1052 Decii
1127 1003 1160 1050 ιο

66 1075 229 1142 reservire
251 1097 305 1139 eos
324 1076 417 1160 cives,
440 1077 495 1159 qui
512 1080 549 1140 ιιι
566 1076 714 1140 hostibus
732 1077 933 1161 imperarent,
956 1076 1107 1140 victoriae

110 1183 144 1227 se
168 1163 372 1249 devoverunt3
395 1165 502 1229 audiet
524 1161 557 1229 O
576 1163 696 1228 Marius
719 1165 877 1248 impudico
900 1164 1030 1229 domino
1053 1187 1106 1247 pa·

109 1272 180 1314 rere
205 1273 278 1334 nos,
307 1252 363 1335 qui
388 1275 428 1316 ne
457 1252 592 1317 militem
619 1253 746 1336 quidem
772 1253 888 1316 habere
914 1252 1019 1317 voluit
1044 1252 1108 1316 uisi

109 1338 271 1424 pudicum;
307 1340 414 1404 audiet
449 1339 569 1404 Brutus
605 1363 678 1405 eum
708 1340 875 1426 populum,
912 1362 1006 1424 quem
1037 1340 1106 1424 ipse

109 1427 228 1510 primo,
259 1431 334 1510 post
364 1429 531 1514 progenies
559 1428 626 1492 eius
654 1451 673 1493 a
699 1429 828 1513 regibus
855 1428 1018 1514 liberavit,
1048 1450 1106 1512 pro

48 1540 95 1581 rs
108 1514 197 1597 turpi
223 1518 333 1598 stupro
362 1515 472 1580 datum
498 1516 532 1580 in
561 1517 754 1581 servitutem.
800 1515 886 1592 Quae
910 1516 1050 1601 quidem,
1079 1516 1106 1580 si

109 1601 198 1667 nullo
222 1603 295 1688 alic,
316 1625 366 1667 me
389 1608 496 1668 tamen
517 1604 713 1668 internuntio
736 1605 879 1668 celeriter
902 1604 941 1668 ad
963 1605 1036 1668 illos
1058 1604 1108 1668 de

108 1691 259 1754 ferentur.
295 1689 389 1776 Nam,
412 1693 439 1754 si
462 1693 552 1756 vivus
574 1693 637 1757 ista
660 1692 879 1777 subterfugere
903 1714 969 1758 non
986 1696 1108 1778 potero,

109 1799 174 1842 una
196 1799 268 1842 cum
289 1779 362 1844 istis
383 1780 482 1844 vitam
505 1781 600 1845 simul
621 1781 731 1867 fugere
754 1781 883 1846 decrevi.
