2616 3884
185 163 253 228 194
507 160 545 214 Μ.
565 160 671 215 Turni
689 159 877 216 CICERONIS

186 307 248 371 bus
276 305 359 370 nihil
386 308 443 368 aut
470 326 538 369 non
564 305 704 370 multum
731 305 772 369 ad
799 303 989 388 dignitatem
1015 306 1126 386 posset
1149 324 1199 368 ac·
1296 287 1297 310 ι

187 396 304 460 cedere.

152 500 169 548 e
253 482 349 547 Nunc
378 481 471 546 venio
503 482 543 545 ad
571 481 710 566 privata3
742 481 809 545 fere
841 481 926 544 enim
953 479 1104 564 respondi
1130 478 1197 543 tuis

187 571 307 635 litteris
331 571 369 633 de
392 591 426 634 re
449 569 578 652 publica
596 572 630 633 et
647 569 698 653 iis,
721 591 799 652 quas
822 568 857 632 in
875 569 1070 654 suburbano,
1091 571 1124 631 et
1146 568 1198 654 iis,

189 681 269 742 quas
288 662 401 742 postea
420 657 586 740 scripsisti.
618 655 670 720 Ad
688 658 813 740 privata
831 657 934 721 venio.
970 655 1080 720 Unum
1098 656 1197 720 etiarn
1225 679 1237 720 ι

188 747 228 811 de
257 745 373 811 Caelio.
420 745 561 809 Tantum
590 745 694 829 abest,
725 749 763 809 ut
792 767 895 808 meam
921 745 977 808 ille
1005 745 1198 814 sententiam

187 838 324 919 moveat,
347 837 384 899 ut
406 833 497 897 valde
521 854 579 918 ego
603 833 680 916 ipsi,
708 833 793 916 quod
817 833 855 897 de
883 855 940 896 sua
964 836 1034 896 sent
1036 837 1090 896 ent
1091 833 1123 896 ia
1076 833 1198 896 tde·
1294 875 1297 906 ι,

188 886 334 1024 cesserit,
361 921 588 1022 paenitendum
616 925 735 1004 putem
782 920 843 986 Sed
867 920 1028 1072 quidest,
1059 920 1195 1004 quod
1167 942 1198 984 er
1296 913 1297 986 ι

188 1011 251 1075 vic1
241 1009 430 1074 Luccei
406 1013 470 1073 smt
456 1010 593 1074 taddict
594 1009 627 1073 i?
663 1008 735 1073 Hoc
757 1012 790 1072 te
812 1009 1065 1093 praetermisisse
1088 1008 1198 1074 miror.
1296 987 1297 1112 3

155 1098 238 1162 rDe
266 1097 385 1162 Philot'
362 1102 442 1162 trmo
471 1098 588 1161 faciam
617 1097 777 1180 equidem,
811 1101 849 1161 ιιι
878 1118 998 1161 mones.
1044 1095 1106 1160 Sed
1136 1117 1197 1181 ego
1213 1122 1240 1161 10
1296 1103 1297 1162 ι

188 1185 270 1249 mihi
297 1187 337 1250 ab
365 1185 421 1249 illo
449 1186 511 1251 hoc
537 1189 681 1270 tempore
709 1207 776 1249 non
798 1185 939 1250 rationes
963 1190 1092 1286 exspect
1078 1185 1199 1270 t,abam

190 1278 315 1358 quast
301 1273 363 1338 tibi
395 1274 506 1358 edidit,
537 1296 649 1338 verum
680 1273 713 1337 id
740 1273 913 1357 reliquum,
945 1273 1072 1357 quod'
1063 1294 1133 1356 1pse
1163 1273 1200 1336 in
1296 1273 1297 1344 3

189 1363 371 1426 Tusculano
404 1384 455 1426 me
487 1324 646 1426 deferre
636 1383 672 1426 ιιι
703 1362 967 1426 commentarium
997 1383 1068 1426 mea
1099 1383 1200 1425 manu

188 1451 302 1536 voluit,
324 1450 473 1534 quodque
495 1451 580 1514 idem
600 1450 636 1514 in
653 1449 733 1514 Asia
751 1449 832 1512 mihi
851 1472 908 1514 sua
926 1471 1024 1513 manu
1043 1449 1201 1533 scriptum
1296 1475 1297 1538 ι

190 1538 287 1603 dedit.
334 1538 371 1602 Id
404 1539 432 1602 si
463 1543 655 1625 praestaret,
687 1541 842 1621 quantum
873 1537 954 1601 mihi
986 1537 1068 1602 aeris
1102 1538 1200 1601 alieni
1213 1561 1240 1602 ιι
1296 1555 1297 1630 ι

191 1649 260 1692 esse
283 1626 346 1690 tibi
369 1626 476 1711 edidit,
498 1629 626 1690 tanturn
649 1629 681 1690 et
704 1627 777 1710 plus
796 1626 893 1690 etiam
916 1625 997 1690 mihi
1015 1626 1084 1709 ipse
1107 1625 1200 1689 debe
1296 1635 1297 1660 ³

189 1719 248 1780 ret.
294 1714 356 1780 Sed
378 1715 413 1778 in
439 1714 501 1778 hoc
529 1735 657 1800 genere,
687 1714 838 1778 simodo
867 1735 924 1798 per
947 1735 1015 1777 rem
1037 1713 1200 1797 publicam
1296 1713 1297 1794 ι

188 1803 310 1890 licebit,
331 1824 397 1867 non
420 1803 640 1866 accusabimur
663 1801 807 1888 posthac,
828 1823 932 1885 neque
953 1802 1082 1866 hercule
1106 1805 1201 1866 antea

72 1958 74 1962 ,
188 1892 395 1976 neglegentes
423 1890 557 1975 fuimus,
589 1891 645 1955 sed
672 1890 846 1954 amicorum
876 1890 1083 1954 multitudine
1111 1911 1201 1954 occu-

190 1981 267 2064 pati.
308 1979 398 2063 Ergo
421 1982 559 2064 utemur,
581 1983 618 2042 ut
640 1978 812 2064 polliceris
834 1980 867 2041 et
891 1999 986 2062 opera
1009 1982 1041 2042 et
1064 1977 1241 2043 consiliose

155 2071 248 2131 etuo
270 2087 329 2130 nec
351 2067 414 2130 tibi
438 2066 565 2151 erimus,
587 2070 625 2129 ut
648 2087 751 2152 spero,
772 2067 808 2130 in
831 2087 868 2130 eo
891 2066 1028 2131 molesti.
1064 2066 1113 2130 De
1137 2088 1201 2131 ser-

190 2155 344 2238 perastris
374 2154 516 2218 cohortis
546 2175 635 2218 meae
666 2154 749 2218 nihil
778 2157 827 2218 est
858 2155 944 2238 quod
970 2154 1087 2219 doleas.
1132 2153 1201 2238 Ipsi
1296 2211 1297 2230 ι

191 2243 276 2305 enim
313 2263 347 2306 se
383 2242 581 2327 collegerunt
617 2242 827 2306 admiratione
863 2242 1060 2327 integritatis
1102 2264 1200 2307 meae.

191 2330 254 2396 Sed
275 2351 326 2393 me
349 2335 493 2394 moverat
515 2352 609 2395 nemo
628 2330 731 2415 magis
751 2353 848 2414 quarn
865 2331 904 2414 is,
928 2352 1023 2414 quern
1045 2334 1082 2394 tu
1100 2331 1201 2395 nemi-

189 2439 265 2482 nem
282 2420 386 2501 putas
423 2417 512 2482 Idem
531 2423 562 2483 et
580 2419 675 2482 initio
694 2419 799 2482 fuerat
818 2422 850 2483 et
869 2440 954 2483 nunc
971 2423 1021 2483 est
1041 2419 1199 2504 egregius.
1215 2443 1241 2484 re

192 2505 254 2571 Sed
276 2506 310 2569 in
332 2507 404 2589 ipsa
426 2505 608 2571 decessione
631 2506 825 2591 significavit
848 2528 992 2591 sperasse
1021 2529 1054 2571 se
1078 2507 1202 2590 aliquid

191 2597 223 2658 et
246 2594 293 2679 id,
320 2593 406 2677 quod
429 2595 571 2658 animum
592 2595 776 2680 induxerat,
804 2595 968 2680 paulisper
994 2616 1061 2659 non
1087 2597 1201 2679 tenuit,

192 2682 247 2746 sed
270 2681 335 2746 cito
359 2683 399 2745 ad
422 2704 455 2746 se
478 2684 574 2747 rediit
597 2683 741 2768 meisque
762 2682 1106 2747 honorificentissumis
1126 2704 1202 2769 erge

192 2791 226 2834 se
259 2770 374 2834 officiis
406 2771 510 2834 victus
542 2771 644 2854 pluris
673 2794 709 2836 ea
737 2772 829 2835 duxit
861 2793 957 2854 qnam
990 2793 1116 2835 omnem
1150 2793 1201 2856 pe-
1296 2783 1297 2786 ’

192 2879 327 2923 cumam.
1215 2884 1241 2924 ao

156 2963 173 3010 9
257 2945 331 3030 Ego
359 2968 378 3009 a
405 2943 504 3010 Curio
531 2947 659 3012 tabulas
687 2948 806 3032 accepi,
836 2968 915 3030 quas
944 2967 1068 3011 meeum
1096 2951 1201 3031 portu.

192 3032 348 3098 Hortensi
370 3034 478 3118 legata
500 3037 644 3118 cognovi.
680 3033 775 3100 Nunc
793 3056 870 3099 aveo
890 3035 979 3118 scire,
1003 3034 1080 3118 quid
1100 3034 1202 3100 homi-

191 3121 244 3185 nis
268 3122 311 3186 eit
334 3125 366 3186 et
390 3144 525 3204 quarum
548 3145 654 3187 rerum
677 3124 858 3187 auctionem
880 3123 1038 3186 instituat.
1083 3120 1201 3188 Nescio

193 3211 288 3293 enim,
311 3231 381 3294 cur,
404 3232 476 3274 curn
498 3215 625 3293 portam
648 3209 893 3275 Flumentanam
916 3208 1043 3274 (laelius
1071 3231 1203 3296 occupa
1258 3223 1260 3226 ’

193 3297 247 3384 rit,
270 3319 329 3382 ego
352 3296 504 3361 Puteolos
527 3320 594 3362 non
615 3320 704 3362 meos
728 3299 852 3363 faciam.
1216 3324 1242 3365 ιι

140 3402 174 3452 10
260 3385 363 3450 Venio
388 3387 427 3450 ad
450 3384 621 3472 ‘Piraeea',
649 3386 684 3450 in
707 3408 770 3469 quo
793 3386 897 3471 magis
924 3386 1217 3472 reprehendendus

195 3496 276 3562 sum,
299 3473 385 3558 quod
407 3475 504 3538 homo
527 3473 692 3538 Romanus
712 3473 900 3539 ‘Piraeea'
923 3475 1115 3562 scripserim,
1136 3496 1204 3540 non
