2484 3886
121 135 143 198 4
442 135 479 191 M.
499 135 607 190 TULLI
625 134 814 190 CICERONIS

120 279 315 343 litterarum!
347 277 421 363 Ego
440 279 478 344 de
496 280 576 343 meis
596 279 636 343 ad
653 283 687 344 te
704 278 886 343 rationibus
909 280 1026 363 scripsi
1045 283 1146 344 antea
1226 323 1230 328 -

119 367 300 451 diligenter.
364 365 436 432 Hoc
476 371 621 451 tempore
662 365 851 454 Catilinam,
892 367 1146 451 competitorem

120 460 280 541 nostrum,
303 455 470 520 defendere
493 456 681 540 cogitamus.
717 454 843 520 Iudices
865 455 1033 543 habemus,
1057 477 1145 540 quos
1232 503 1235 524 .=

120 543 297 628 voluimus,
333 565 458 608 summa
495 544 689 609 accusatoris
722 543 898 608 voluntate.
956 541 1073 629 Spero,
1114 544 1146 609 si

121 630 291 695 absolutus
318 632 394 717 erit,
421 631 673 696 coniunctiorem
700 632 794 696 illum
820 632 916 696 nobis
938 632 1009 696 fore
1032 633 1069 696 in
1091 654 1146 696 ra·
1174 657 1187 697 ⁵

120 720 210 784 tione
236 719 420 804 petitionis3
452 721 503 784 sin
531 721 624 784 aliter
652 719 816 804 acciderit,
847 719 1033 784 humaniter
1059 721 1145 785 fere

86 823 102 873 2
121 830 202 873 mus.
228 807 298 872 Tuo
314 807 452 872 adventu
464 807 560 872 nobis
580 831 662 891 opus
681 813 731 872 est
748 813 890 893 matur03
908 831 985 872 nam
1002 830 1145 893 prorsus
1222 822 1229 881 ξ

121 917 247 960 summa
277 895 446 959 hominum
478 900 527 960 est
560 897 669 981 opinio
701 899 776 960 tuos
808 897 983 960 familiares
1011 897 1144 962 nobiles

119 983 267 1048 homines
301 983 500 1048 adversarios
530 984 648 1049 honori
677 989 790 1050 nostro
822 986 900 1049 fore.
946 984 999 1050 Ad
1027 1007 1145 1050 eorum

120 1071 322 1136 voluntatem
348 1072 430 1135 mihi
457 1072 688 1137 conciliandam
719 1073 860 1137 maximo
892 1077 926 1136 te
955 1073 1038 1138 mihi
1064 1075 1143 1138 usui
1159 1098 1187 1138 ro

120 1159 189 1223 fore
221 1159 321 1225 video.
377 1158 481 1236 Quare
513 1159 662 1226 Ianuario
694 1183 817 1246 mense,
854 1165 891 1224 ut
928 1162 1145 1248 constituisti,
1237 1175 1240 1212 ῖ

120 1267 198 1311 cura
220 1251 257 1311 ut
280 1247 402 1312 Romae
426 1249 478 1313 sis.
1240 1272 1241 1282 ¹

599 1512 657 1577 111.
1239 1573 1240 1590 ,

401 1632 458 1689 Sor.
478 1633 583 1688 Romae
600 1650 641 1688 ea.
661 1651 686 1688 a.
708 1636 764 1687 687
783 1635 854 1701 (67).
1157 1643 1185 1684 15

442 1755 570 1812 crosso
589 1755 721 1810 Amico
742 1754 816 1810 sm..
1239 1827 1241 1838 .

86 1882 99 1928 1
187 1864 305 1929 Aviam
326 1869 418 1929 tuam
441 1865 522 1929 scito
545 1865 703 1928 desiderio
727 1864 777 1928 tui
803 1868 966 1928 mortuam
995 1886 1079 1951 esse,
1107 1870 1143 1930 et
1239 1839 1241 1890 {

121 1951 218 2015 simul
245 1953 332 2036 quod
358 1953 461 2017 verita
490 1953 547 2037 ait,
574 1974 614 2017 ne
637 1952 772 2017 Latinae
795 1952 830 2016 in
854 1953 960 2017 officio
983 1975 1052 2017 non
1074 1976 1143 2018 ma-

119 2043 233 2102 nerent
252 2044 284 2103 et
302 2041 338 2104 in
355 2045 498 2104 montem
516 2039 681 2104 Albanum
699 2040 823 2105 hostias
847 2061 914 2104 non
937 2040 1142 2106 adducerent.

119 2126 200 2190 Eius
228 2128 276 2191 rei
303 2129 557 2193 consolationem
583 2128 623 2192 ad
649 2132 682 2192 te
709 2128 744 2193 L.
769 2127 934 2193 Saufeium
961 2129 1142 2194 missurum
1158 2155 1185 2194 ro

84 2231 189 2279 resse
217 2215 366 2281 arbitror.
412 2215 482 2281 Nos
510 2217 563 2281 hic
590 2220 623 2280 te
649 2217 689 2280 ad
711 2239 854 2281 mensem
876 2215 1063 2281 Ianuarium
1087 2239 1142 2282 ex·

120 2307 301 2385 spectamus
332 2326 371 2368 cx
399 2305 537 2388 quodam
563 2327 692 2370 rumore
720 2327 762 2369 an
788 2326 827 2369 ex
854 2305 974 2369 litteris
1002 2306 1069 2369 tuis
1099 2306 1142 2370 ad

119 2391 200 2454 alios
221 2392 344 2477 missis3
367 2414 443 2456 nam
466 2394 506 2457 ad
527 2416 579 2457 me
602 2393 641 2457 de
665 2415 702 2457 eo
724 2393 808 2457 nihil
830 2393 998 2476 scripsisti.
1037 2391 1141 2478 Signa

120 2499 201 2562 quac
222 2480 319 2543 nobis
343 2481 473 2567 curasti,
495 2503 532 2546 ea
554 2485 630 2545 sunt
648 2481 688 2545 ad
709 2480 854 2547 Caietam
872 2481 1028 2565 exposita.
1065 2479 1140 2546 Nos

119 2587 156 2630 ea
183 2589 249 2631 non
275 2568 428 2653 vidimus;
456 2590 559 2654 neque
587 2570 672 2635 enim
700 2570 835 2634 exeundi
858 2567 963 2634 Roma
989 2573 1184 2653 potestesse

118 2655 213 2718 nobis
241 2656 313 2720 fuit.
363 2655 529 2742 Misimus,
560 2657 617 2741 qui
645 2680 705 2742 pro
733 2661 864 2722 vectura
891 2657 1039 2722 solveret.
1091 2657 1139 2722 Te

118 2743 258 2807 multum
282 2767 440 2831 amamus,
468 2745 553 2829 quod
581 2768 617 2810 ea
641 2746 698 2810 abs
722 2750 755 2809 te
778 2746 949 2831 diligenter
972 2767 1139 2830 parvoque

119 2835 230 2895 curata
255 2836 338 2898 sunt.

83 2937 99 2984 3
186 2918 279 2995 Quod
302 2921 341 2984 ad
363 2943 415 2984 me
438 2942 532 3005 saepe
556 2922 716 3005 scripsisti
743 2921 781 2986 de
806 2925 920 2986 nostro
944 2921 1047 2985 amico
1069 2922 1138 3005 pla·

119 3008 233 3094 cando,
260 3008 322 3073 feci
345 3012 378 3073 et
402 3012 553 3092 expertus
577 3031 650 3073 sum
672 3010 793 3095 omnia,
817 3009 872 3074 scd
894 3009 1078 3073 mirandum
1102 3009 1138 3074 in
1153 3037 1181 3076 ao

119 3095 251 3160 modum
278 3101 328 3161 cst
355 3097 462 3161 animo
492 3096 681 3162 abalienato.
727 3097 851 3174 Quibus
880 3097 918 3162 de
947 3097 1138 3181 suspicioni·

119 3183 181 3248 bus
209 3185 271 3249 etsi
299 3185 425 3250 audisse
452 3189 485 3250 te
513 3186 667 3271 arbitror,
694 3190 804 3251 tamen
831 3206 870 3249 ex
897 3207 962 3270 me,
990 3208 1063 3250 cum
1085 3207 1138 3251 ve-

118 3273 214 3359 neris,
238 3293 419 3358 cognosces.
466 3272 657 3339 Sallustium
684 3278 884 3358 praesentem
908 3274 1080 3338 restituere
1102 3274 1138 3339 in

120 3361 188 3426 eius
216 3366 355 3426 veterem
384 3362 523 3447 gratiam
551 3385 619 3428 non
644 3363 746 3447 potui.
791 3361 863 3428 Hoc
892 3363 930 3426 ad
956 3367 989 3426 te
1012 3362 1137 3450 scripsi,

119 3450 205 3532 quod
232 3450 261 3513 is
289 3473 339 3514 me
367 3473 514 3516 accusare
542 3452 579 3514 de
609 3454 642 3515 te
669 3451 802 3514 solebat.
852 3451 892 3516 In
919 3472 953 3515 se
979 3455 1132 3534 expertus
1150 3477 1178 3518 ae
