2560 3880
219 182 478 238 EPISTULARUM
497 183 548 236 AD
567 182 731 236 AT'I'ICUM
748 183 800 236 XV
819 188 862 250 13,
883 188 923 237 14.
1015 182 1082 246 479

54 324 152 389 itura
179 324 244 389 nisi
271 347 306 389 re
334 324 463 408 publica
495 329 689 409 recuperata.
735 324 786 390 De
814 345 879 407 quo
906 325 984 407 quid
1013 345 1082 408 spe

54 435 142 498 rem,
165 435 232 478 non
255 413 357 478 audeo
382 414 528 478 scribere.

527 621 614 688 XIV.

225 744 281 800 Ser.
296 746 328 800 ia
349 744 506 800 Tusculano
529 743 609 798 VK.
627 743 719 814 Quint.
736 763 760 799 a.
778 750 832 800 710
851 747 920 813 (44).

27 878 41 919 5
370 867 516 922 CICERO
533 867 681 922 ATTICO
699 867 781 922 SAL.

130 995 167 1040 vl
198 975 333 1040 Kalend.
366 975 474 1059 accepi
506 998 525 1039 a
554 975 724 1039 Dolabella
755 975 891 1040 litteras.
937 975 1115 1050 Quarumi

58 1064 247 1149 exemplum
269 1065 331 1127 tibi
355 1064 438 1128 misi.
474 1061 514 1127 In
538 1064 655 1147 quibus
679 1066 748 1126 erat
772 1064 879 1127 omnia
902 1086 935 1128 se
958 1064 1081 1148 fecisse,

59 1175 146 1237 quae
173 1158 211 1217 tu
237 1152 343 1216 velles.
391 1150 510 1215 Statim
540 1152 568 1214 ei
596 1150 746 1234 rescripsi
775 1155 807 1215 et
834 1151 947 1216 multis
971 1152 1081 1216 verbis

59 1241 187 1326 gratias
216 1240 275 1326 egi.
322 1238 384 1304 Sed
407 1243 529 1324 tamen,
556 1262 597 1304 ne
620 1239 807 1325 miraretur,
835 1260 892 1304 cur
915 1241 1000 1304 idem
1023 1239 1080 1305 ite·

15 1356 44 1394 ιο
59 1353 137 1393 rum
160 1330 305 1411 facerem,
328 1328 390 1392 hoc
413 1348 526 1391 causae
551 1328 684 1412 sumpsi,
706 1326 793 1410 quod
817 1349 855 1390 ex
878 1332 911 1392 te
934 1328 1006 1411 ipso
1030 1349 1080 1392 co·

58 1441 133 1481 ram
174 1420 268 1481 antea
307 1416 392 1480 nihil
431 1415 611 1498 potuissem
647 1435 846 1499 cognoscere.
903 1413 965 1480 Sed
1002 1416 1080 1500 quid

58 1505 192 1569 multa?
222 1504 350 1570 litteras
373 1503 436 1567 hoc
458 1503 603 1586 exemplo
627 1503 713 1567 dedi-z

230 1621 396 1679 ‘CICERO
419 1622 702 1677 DOLABELLAE
727 1622 809 1677 COS.
831 1621 916 1678 SUO.

59 1731 187 1797 Antea
210 1753 292 1796 cum
314 1731 467 1796 litteris
482 1729 607 1795 Attici
629 1731 757 1795 nostri
781 1731 824 1795 de
847 1735 914 1794 tua
933 1749 1112 1794 summac

18 1847 44 1887 15
60 1820 562 1903 liberalitatesummoque
594 1840 683 1902 erga
716 1839 753 1882 se
781 1819 973 1883 beneficio
1001 1840 1078 1883 cer-

60 1909 140 1973 tior
176 1909 303 1972 factus
336 1929 470 1991 essem,
507 1929 665 1990 cumque
697 1911 739 1971 tu
771 1907 854 1990 ipse
886 1907 1004 1971 etiam
1035 1906 1078 1970 ad

60 2019 120 2060 me
143 1996 371 2079 scripsisses
394 1999 431 2060 te
450 1996 591 2060 fecisse
614 2017 668 2080 ea,
683 2016 778 2078 quae
800 2016 870 2058 nos
889 1994 1078 2058 voluisse-

60 2106 158 2166 mus,
189 2084 251 2168 egi
283 2083 358 2147 tibi
391 2083 540 2168 gratias
573 2105 638 2166 per
669 2083 828 2147 litteras
856 2082 905 2146 iis
933 2083 1078 2168 verbis,

61 2177 105 2237 ut
141 2172 397 2258 intellegeres
433 2171 535 2236 nihil
570 2175 607 2234 te
642 2171 737 2234 mihi
769 2171 920 2256 grat-ius
952 2171 1078 2234 facere

20 2260 247 2344 aopotuisse.
292 2259 433 2324 Postea
463 2281 554 2324 vero
587 2280 697 2342 quam
730 2259 812 2342 ipse
843 2257 1001 2322 Atticus
1033 2258 1078 2322 ad

62 2348 244 2412 mevenit
266 2347 306 2411 in
319 2347 576 2412 Tusculanum
598 2347 716 2412 huius
740 2347 854 2411 unius
876 2347 932 2411 rei
951 2368 1077 2431 causa,

62 2436 138 2500 tibi
160 2440 203 2499 ut
226 2435 325 2518 apud
347 2458 403 2499 me
426 2436 577 2520 gratias
600 2439 745 2520 ageret,
769 2434 877 2500 cuius
901 2435 1078 2499 eximiam

63 2525 250 2607 quandam
283 2527 320 2588 et
352 2523 616 2588 admirabilem
647 2523 687 2587 in
719 2544 835 2587 causa
866 2522 1078 2587 Buthrotia

62 2612 303 2676 voluntatem
328 2615 365 2676 et
389 2612 625 2695 singularem
643 2633 732 2696 erga
751 2633 790 2675 se
809 2633 976 2676 amorem
994 2633 1077 2694 per-

22 2700 271 2785 suspexisset,
294 2700 420 2764 teneri
441 2721 517 2764 non
539 2700 666 2783 potui,
689 2700 782 2783 quin
804 2699 880 2763 tibi
903 2699 1077 2783 apertius

62 2787 161 2852 illud
188 2787 288 2852 idem
316 2787 379 2851 his
408 2787 561 2852 litteris
589 2787 830 2852 declararem.
876 2787 933 2852 Ex
957 2788 1077 2852 omni-

62 2875 133 2940 bus
160 2875 272 2959 enim,
299 2877 348 2939 mi
370 2875 588 2960 Dolabella,
616 2875 759 2939 studiis
787 2876 826 2940 in
849 2897 904 2940 me
926 2880 964 2940 et
987 2876 1077 2941 offi-

63 2965 149 3049 ciis,
178 2985 272 3046 quae
302 2985 444 3028 summa
472 2967 575 3050 sunt,
603 2962 674 3026 hoo
704 2964 802 3027 scito
825 2963 920 3028 mihi
943 2967 981 3028 et
1004 2986 1077 3027 am-

62 3050 282 3135 plissimum
317 3052 441 3116 videri
479 3056 515 3116 et
547 3052 814 3137 gratissimum
846 3073 942 3136 esse,
978 3051 1075 3135 quod

24 3139 289 3225 superieceris,
324 3144 367 3204 ut
398 3139 559 3205 Atticus
593 3140 860 3225 intellegeret,
892 3142 1077 3222 quantum

62 3249 130 3312 ego
154 3230 404 3312 te,quantum
427 3232 468 3292 tu
491 3251 546 3293 me
569 3251 723 3293 amares.
757 3228 863 3304 Quod
885 3227 1112 3310 reliquum3

61 3320 134 3401 est,
157 3315 406 3380 Buthrotiam
429 3322 465 3381 et
489 3339 642 3381 causam
666 3320 702 3380 et
720 3317 933 3399 civitatem,
948 3337 1077 3398 quam·

62 3426 172 3488 quam
213 3427 232 3468 a
272 3409 309 3469 te
351 3405 573 3469 constituta
613 3409 671 3468 est
707 3402 915 3491 (beneficia
952 3406 1078 3466 autem

60 3497 194 3556 nostra
221 3493 324 3556 tueri
352 3493 552 3580 solemus),
584 3496 711 3556 tamen
738 3491 854 3556 velim
883 3494 1077 3574 receptam
