2586 3886
161 183 224 246 168
491 181 529 238 Μ.
548 181 655 235 TULLI
674 180 864 236 CICERONIS

156 325 323 409 scripsisse
356 325 463 390 audio.
510 323 615 426 Cupio
641 324 702 389 hos
732 325 898 408 expeditos
925 324 1046 407 videre,
1078 324 1176 424 cupio
1258 327 1263 334 ”

155 414 256 566 {tiam
276 412 444 565 tSest,
361 435 444 497 rum,
477 414 556 477 adde
590 413 634 476 sis
664 411 750 477 anl'
741 434 821 496 1um3
854 412 889 476 in
921 413 1039 496 quibus
1074 412 1177 476 omni·

179 523 217 566 us
241 524 275 566 es

211 621 453 690 ‘tarcacona
414 650 437 709 μ
455 648 476 688 ν
498 624 698 708 ἀνήνασθαι,
721 626 837 689 δεῖσαν
860 622 889 688 δ’
913 621 1121 708 ὑποδέχθαι]

155 765 206 831 Dc
228 766 382 830 Memmio
409 765 609 829 restituendo
639 768 676 828 ut
699 762 798 829 Curio
822 765 957 851 cogitet,
986 768 1019 829 te
1043 763 1173 828 audisse
1204 789 1220 829 5

157 859 247 938 puto,
282 853 332 918 De
350 852 473 938 Egnati
492 851 627 916 Sidicini
644 853 774 916 nomine
792 873 851 917 nec
868 853 959 916 nulla
976 874 1035 916 nec
1053 873 1174 937 magna

158 965 214 1027 spe
238 964 357 1006 sumus.
393 940 568 1025 Pinarium,
592 962 687 1025 quern
705 940 786 1004 mihi
805 941 1015 1024 commendas,
1037 940 1174 1025 diligen·

157 1031 282 1094 tissime
314 1029 488 1094 Deiotarus
518 1033 609 1094 curat
641 1029 784 1113 graviter
816 1049 956 1114 aegrum.
1006 1027 1174 1112 Respondi

158 1119 256 1182 etiam
278 1117 405 1181 minori.

104 1224 140 1270 24
226 1205 275 1269 Tu
293 1205 401 1290 velim,
418 1206 494 1269 dum
513 1227 567 1269 ero
586 1204 772 1290 Laodiceae,
789 1205 823 1268 id
841 1208 891 1270 est
909 1206 949 1269 ad
967 1203 1043 1269 Idus
1062 1204 1175 1290 Maias,
1191 1231 1223 1269 ro

91 1343 93 1348 .
160 1316 257 1377 quam
276 1294 462 1377 saepissime
480 1315 605 1357 mecum
623 1315 680 1376 per
698 1293 825 1358 litteras
839 1293 1022 1376 colloquare
1036 1297 1077 1378 et,
1100 1314 1175 1357 cum

158 1381 304 1446 Athenas
329 1382 455 1446 veneris
478 1378 563 1467 (ianr
585 1382 670 1445 enim
693 1381 831 1445 sciemus
854 1382 892 1445 de
915 1382 1012 1445 rebus
1030 1379 1175 1466 urbanis,

160 1471 199 1535 de
226 1470 418 1554 provinciis,
446 1491 527 1554 quae
555 1470 664 1534 omnia
690 1469 725 1533 in
754 1491 898 1533 mensem
919 1469 1075 1534 Martium
1097 1434 1176 1533 sunt²

106 1555 321 1645 saeculata),
353 1559 465 1642 utique
496 1558 536 1621 ad
558 1580 610 1620 me
636 1557 823 1622 tabellarios
850 1558 926 1622 mitt
928 1579 971 1622 as
1021 1557 1067 1621 111
1092 1557 1175 1622 heus

159 1647 251 1710 tul
242 1669 347 1711 1amne
369 1669 428 1710 vos
452 1668 471 1709 a
494 1645 629 1710 Caesare
651 1668 708 1729 per
730 1644 892 1710 Herodem
915 1646 963 1710 tal
965 1649 1040 1726 enta
1062 1644 1220 1710 Atticam

160 1752 182 1798 L
211 1735 456 1799 extorsistis?
446 1757 481 1798 1n
500 1755 573 1819 quo,
596 1737 634 1797 ut
652 1734 758 1819 codic,
779 1755 933 1819 magnum
952 1735 1063 1798 odium
1081 1733 1176 1797 Pom-

160 1823 213 1906 pei
241 1823 435 1907 suscepistis.
483 1821 582 1886 Putat
612 1823 698 1886 enim
721 1843 797 1886 suos
819 1844 968 1886 nummos
991 1843 1049 1886 ros
1074 1843 1176 1887 come-

161 1911 260 1997 disse,
288 1910 456 1976 Caesarem
483 1910 518 1973 in
540 1909 679 1974 Nemore
709 1911 903 1974 aedificando
934 1910 1176 1995 diligentiorem

160 2000 238 2062 fore.
288 1999 377 2063 Haec
405 2019 464 2083 ego
495 2019 533 2062 ex
560 1997 594 2061 P.
618 1997 736 2083 Vedic‚
767 2019 884 2083 magno
911 1999 1087 2084 nebulone,
1118 1997 1176 2061 sed

159 2085 293 2170 Pompei
316 2091 425 2150 tamen
446 2087 608 2172 familiari,
631 2087 746 2151 audivi.
783 2086 847 2150 Hic
869 2085 991 2150 Vedius
1015 2086 1096 2150 mihi
1121 2086 1177 2149 ob·
1191 2113 1223 2150 ao

160 2175 246 2239 viam
272 2177 361 2238 venit
389 2197 462 2238 cum
485 2174 610 2238 duobus
634 2175 752 2238 essedis
777 2179 810 2238 et
832 2175 928 2239 raeda
951 2175 1041 2258 equis
1064 2174 1177 2238 iuncta

162 2267 194 2326 et
216 2263 290 2326 lect
265 2266 329 2326 tlca
352 2267 384 2326 et
406 2263 529 2326 familia
550 2283 681 2347 magna,
707 2284 767 2346 pro
792 2285 868 2349 qua,
897 2263 925 2326 si
948 2260 1047 2326 Curio
1070 2263 1177 2346 legem

160 2354 233 2434 pert
219 2350 340 2433 tulerit,
362 2348 418 2414 Hs
438 2354 589 2415 centenos
607 2351 726 2434 pendat
742 2371 873 2414 necesse
891 2355 948 2414 est.
926 2350 1068 2414 tErat
1054 2354 1177 2433 tprae-

162 2442 250 2502 terea
286 2438 567 2522 cynocephalus'
558 2460 593 2502 1n
629 2439 754 2524 essed0,
788 2460 847 2503 nec
884 2439 1015 2502 deerant
1036 2437 1175 2590 tonagri.

160 2524 348 2610 Numquam
375 2526 442 2590 vidi
470 2527 635 2591 hominem
661 2490 857 2610 nequiorem.
905 2526 967 2591 Sed
997 2530 1050 2590 ext
1051 2549 1175 2590 remum
1191 2550 1220 2592 as

161 2614 244 2677 audi.
287 2613 483 2679 Deversatus
507 2619 556 2679 est
579 2613 753 2680 Laodiceae
777 2616 863 2699 apud
883 2615 1074 2698 Pompeium
1096 2613 1176 2678 Vin-

162 2701 293 2766 dullum.
339 2700 390 2766 Ibi
419 2725 477 2766 sua
507 2703 669 2789 deposuit,
697 2726 770 2768 curn
793 2704 834 2767 ad
856 2727 907 2767 me
929 2703 1093 2786 profectus
1117 2705 1177 2767 est.

161 2789 302 2854 Moritur
323 2791 454 2854 interim
467 2790 654 2876 Vindullus3
678 2813 759 2876 quae
779 2813 830 2855 res
850 2793 890 2855 ad
909 2791 1066 2875 Magnum
1083 2789 1177 2854 Pom-

160 2878 269 2961 peium
292 2879 452 2961 pertinere
472 2880 656 2962 putabatur.
694 2877 728 2944 Ο.
743 2878 931 2943 Vennonius
951 2879 1085 2943 domum
1098 2877 1178 2942 Vin-
1207 2923 1209 2928 .

161 2965 241 3030 dulli
268 2967 365 3031 venit.
412 2964 494 3030 Cum
521 2968 628 3031 omnia
651 2968 850 3052 obsignaret,
880 2969 915 3030 in
937 2966 1101 3031 Vedianas
1124 2988 1176 3032 res
1192 2992 1221 3031 ao

160 3053 281 3119 incidit.
331 3052 370 3119 In
406 3054 458 3119 his
490 3055 638 3119 inventae
671 3060 746 3119 sunt
779 3056 920 3139 quinque
951 3055 1177 3139 imagunculae

113 3177 117 3202 ι
161 3147 396 3227 matronarum,
423 3143 459 3207 in
486 3144 603 3228 quibus
632 3165 696 3207 una
724 3144 844 3208 sororis
874 3143 968 3207 amici
996 3143 1045 3222 tui
1073 3142 1178 3207 horni-

160 3230 212 3294 nis
237 3228 360 3317 ‘bruti',
387 3232 443 3315 qui
465 3231 528 3295 hoc
550 3235 671 3314 utatur,
694 3236 726 3295 et
749 3231 838 3296 illius
863 3231 995 3317 ‘lepidi',
1018 3231 1074 3315 qui
1097 3229 1178 3294 haec

162 3322 230 3382 tem
256 3319 463 3404 neglegenter
493 3320 583 3384 ferat.
629 3319 717 3383 Haec
747 3324 781 3383 te
807 3319 896 3385 volui
927 3327 1176 3404 παριστορῆσαι.
1208 3342 1211 3348 ·

163 3405 280 3472 Sumus
303 3409 390 3472 enim
413 3408 507 3472 ambo
532 3408 615 3472 belle
639 3406 766 3472 curiosi.
1194 3432 1223 3473 aa

107 3511 143 3558 26
229 3494 340 3561 Unum
367 3497 464 3561 etiam
491 3497 589 3561 velim
617 3495 749 3580 cogites.
795 3494 902 3559 Audio
932 3494 1075 3579 Appium
1097 3495 1179 3579 πρό-
