2564 3880
216 171 475 226 EPISTULARUM
493 173 544 226 AD
563 172 727 226 ATTICUM
745 173 810 227 XIV
830 179 871 242 12,
892 179 934 228 13.
1018 174 1085 238 445

52 315 156 380 nobis
180 315 261 398 ipsis
285 336 355 380 esse
378 315 487 399 debet,
509 319 557 397 ut,
581 315 735 399 quiequid
762 315 928 401 acciderit,
955 316 1086 380 fortiter

54 407 91 468 et
111 403 276 486 sapienter
299 404 440 467 feramus
464 407 496 466 et
519 403 671 468 accidisse
694 403 881 468 hominibus
905 403 1085 468 memineri-

54 513 143 575 mus,
166 511 291 574 nosque
314 513 387 555 cum
411 491 551 555 multum
573 491 704 555 litterae
726 496 798 555 tum
824 513 891 556 non
913 491 1085 555 minimum

56 579 140 643 Idus
161 601 288 662 quoque
307 579 444 643 Martiae
467 579 680 644 consolentur.
723 578 857 662 Suscipe
875 600 961 643 nune
979 601 1085 642 meam
1103 596 1120 643 4

25 667 343 751 edeliberetionem,
375 689 440 750 que
468 667 633 731 sollicitor.
679 666 731 732 111
758 668 861 732 multa
888 667 1023 731 veniunt
1050 668 1085 731 in

57 759 205 819 mentem
231 755 267 818 in
294 758 464 839 utrumque
493 759 628 839 partem.
673 754 878 837 Proficiscor,
906 759 943 818 ut
967 755 1085 820 eonsti-

58 849 204 926 tueram,
231 843 357 928 legatus
381 844 416 906 in
440 841 620 908 Graeciam:
643 843 749 907 caedis
772 843 978 926 inpendentis
1002 843 1084 926 peri-

58 931 173 995 culum
195 952 262 994 nen
282 931 367 996 nihil
385 931 488 995 vitare
511 931 630 1016 videor,
654 931 710 996 sed
728 953 860 996 casurus
883 931 919 996 in
942 931 1084 1014 aliquam

58 1019 344 1104 vituperationem,
372 1019 459 1102 quod
482 1019 530 1082 rei
552 1019 700 1103 publicae
722 1019 878 1084 defuerim
901 1023 969 1083 tam
993 1020 1085 1106 gravi

13 1135 44 1172 ιο
59 1112 218 1190 tempore.
257 1105 315 1173 Sin
334 1111 443 1171 eutem
461 1129 617 1191 mansero,
636 1108 706 1171 fere
723 1129 775 1171 me
794 1108 924 1191 quidem
937 1107 1030 1172 video
1050 1107 1084 1170 in

60 1194 257 1278 discrimine,
273 1195 327 1258 sed
346 1195 486 1259 accidere
505 1217 599 1278 posse
618 1195 773 1279 suspicor,
790 1199 828 1259 ut
842 1195 994 1279 prodesse
1012 1217 1085 1279 pos·

61 1284 127 1347 sim
150 1282 198 1347 rei
221 1283 376 1366 publicae.
413 1280 483 1346 Iam
506 1283 563 1347 illa
586 1284 721 1348 consilia
743 1284 870 1366 privata
890 1287 976 1369 sunt,
999 1284 1085 1366 quod

61 1370 171 1435 sentio
190 1370 281 1434 valde
304 1393 374 1435 esse
393 1371 473 1436 utile
497 1371 538 1435 ad
556 1371 833 1436 confirmationem
851 1369 1015 1435 Ciceronis
1033 1393 1084 1434 me

60 1460 142 1523 illuc
164 1459 286 1543 venire,
309 1481 367 1522 nec
390 1459 454 1522 1111
476 1480 573 1523 cause
595 1459 804 1543 profectionis
827 1458 908 1523 mihi
932 1460 998 1522 ulla
1020 1459 1084 1522 fuit

18 1575 46 1614 15
61 1551 144 1631 tum,
168 1568 241 1610 cum
259 1547 431 1612 consilium
449 1548 519 1630 cepi
537 1548 639 1632 legari
658 1570 676 1611 1
696 1545 840 1612 Caesare.
876 1546 961 1610 Tota
983 1547 1085 1630 igitur

60 1636 125 1699 hae
148 1635 196 1786 dp)
214 1656 262 1719 re,
290 1639 328 1699 ut
354 1635 453 1720 soles,
486 1636 513 1698 si
537 1634 616 1719 quid
643 1635 683 1699 ed
710 1656 761 1699 me
790 1635 952 1719 pertinere
979 1638 1084 1718 putas,

62 1745 101 1788 co
129 1723 174 1787 'ta
197 1722 234 1788 is.

103 1744 240 1874 gltedeo
262 1832 349 1874 nunc
371 1811 411 1874 ad
430 1809 602 1893 epistulam
620 1813 718 1874 tuam.
766 1808 887 1873 Scribis
906 1809 993 1873 enim
1016 1830 1086 1872 esse
1105 1825 1120 1874 5

62 1921 212 1964 rumores
231 1920 293 1984 me,
311 1899 351 1962 ad
368 1899 474 1962 lacum
493 1898 580 1982 quod
598 1897 712 1984 habeo,
729 1898 944 1981 venditurum,
966 1897 1085 1960 minus·

23 2016 49 2053 ao
63 1988 171 2051 culam
194 2009 270 2050 vero
294 1987 406 2052 villam
430 1985 572 2070 [utique]
592 1985 713 2059 Quinto
737 1985 933 2049 traditurum
953 1984 1005 2049 vel
1027 1986 1086 2049 im-

64 2096 168 2158 penso
192 2075 311 2159 pretio,
337 2096 402 2158 quo
425 2073 662 2158 introducatur,
690 2077 728 2138 ut
751 2074 814 2137 tibi
837 2072 977 2148 Quintus
998 2072 1085 2137 filius

63 2164 193 2248 dixerit,
217 2163 329 2226 dotata
350 2161 493 2246 Aquilia.
538 2162 611 2246 Ego
634 2183 710 2226 vero
734 2161 773 2224 de
796 2161 980 2226 venditione
1002 2160 1086 2224 nihil

63 2253 188 2336 cogito,
215 2250 279 2315 nisi
308 2249 399 2335 quid,
427 2250 514 2333 quod
540 2250 644 2335 magis
671 2272 722 2314 me
746 2249 897 2332 delectet,
925 2249 1085 2314 invenero.

64 2339 206 2416 Quintus
239 2343 347 2403 autem
380 2338 418 2401 de
449 2337 580 2402 emendo
608 2337 693 2402 nihil
722 2341 812 2402 curat
840 2337 903 2400 hoc
933 2340 1086 2420 tempore.

26 2427 153 2494 15311118
178 2427 264 2491 enim
286 2429 459 2510 torquetur
482 2426 645 2490 debitione
668 2426 769 2510 dotis,
790 2425 826 2489 in
849 2447 913 2509 qua
935 2425 1087 2489 mirificas

66 2515 101 2590 Q.
124 2515 268 2599 Egnatio
297 2515 419 2598 gratias
448 2515 530 2598 agit3
557 2536 576 2577 1
603 2514 746 2577 ducenda
774 2518 883 2577 eutem
910 2534 1010 2577 uxore
1042 2513 1088 2577 sic

66 2603 230 2687 abhorret,
252 2606 290 2666 ut
311 2602 414 2666 libero
437 2601 556 2665 lectulo
575 2606 671 2686 neget
695 2623 764 2666 esse
784 2602 956 2685 quicquam
977 2602 1089 2666 iucun-

66 2693 146 2756 dius.
195 2689 258 2754 Sed
279 2690 359 2754 haec
383 2695 511 2773 quoque
533 2689 698 2753 hactenus.
750 2690 752 2694 ’
1107 2707 1123 2754 6

133 2778 243 2842 Redeo
273 2779 359 2842 enim
389 2778 429 2841 ad
458 2778 609 2840 miserem
641 2799 697 2841 seu
723 2775 848 2840 nullam
879 2777 989 2860 potius
1017 2800 1087 2841 rem

29 2895 54 2934 1ο
67 2868 240 2950 publicem.
286 2866 329 2930 M.
345 2865 508 2930 Antonius
537 2865 577 2928 ad
598 2886 650 2928 me
674 2864 804 2946 scripsit
828 2865 866 2928 de
880 2865 1088 2930 restitutione

68 2955 139 3020 Sex.
173 2953 280 3038 Clodi3
308 2976 406 3038 quam
428 2953 620 3038 honorifice,
647 2952 734 3036 quod
757 2954 796 3016 ad
819 2974 870 3017 me
892 2953 1026 3038 attinet,
1049 2975 1088 3017 ex

66 3045 171 3127 ipsius
200 3041 321 3106 litteris
352 3062 526 3126 cognosces
556 3038 647 3126 (misi
676 3041 762 3104 enim
792 3041 855 3105 tibi
883 3039 1088 3126 exemplum),

68 3155 165 3216 quam
189 3130 355 3212 dissolute,
379 3152 476 3214 quam
494 3129 635 3212 turpiter
653 3150 813 3213 quamque
831 3130 878 3192 111
900 3128 1088 3212 perniciose,

68 3225 104 3285 ut
131 3242 199 3284 non
225 3239 403 3302 numquam
430 3216 547 3282 Caesar
579 3216 807 3281 desiderandus
839 3238 907 3280 esse
930 3214 1087 3299 videatur,

32 3335 54 3374 35
68 3309 161 3372 facile
181 3306 390 3372 existimabis.
437 3304 524 3380 Quae
542 3304 629 3369 enirn
647 3303 764 3369 011111
784 3326 962 3387 numquam
985 3325 1088 3385 neque

68 3397 196 3462 fecisset
228 3415 332 3477 neque
361 3415 476 3476 pessus
510 3397 608 3475 esset,
640 3415 677 3456 11
706 3414 792 3456 nunc
823 3414 863 3456 ex
893 3391 985 3454 falsis
1019 3392 1088 3453 eius

69 3482 308 3550 commentariis
326 3483 543 3567 proferuntur.
589 3481 662 3564 Ego
687 3485 795 3544 eutem
812 3478 957 3542 Antonio
976 3479 1089 3541 facilli-
