2560 3880
186 143 252 207 512
506 142 543 195 Μ.
563 142 670 196 TULLI
689 141 878 197 CICERONIS

186 285 357 368 Philippus
376 289 432 349 aut
445 284 615 350 Marcellus
634 289 752 349 movet.
782 284 857 349 Alia
881 285 967 348 enim
985 306 1099 350 corum
1118 285 1193 349 ratio

186 377 295 458 estet,
318 373 345 437 si
367 395 434 436 non
457 377 516 458 est,
538 378 647 436 tamen
668 373 803 438 uidetur.
847 371 909 436 Sed
932 373 968 436 in
990 373 1055 436 isto
1079 374 1195 457 iuvene,

187 482 382 544 quamquam
401 460 501 525 animi
519 462 608 546 satis,
630 461 833 526 auctoritatis
852 483 966 544 parum
986 465 1044 524 est.
1082 461 1195 525 Tamen

187 549 274 634 vide,
304 549 332 612 si
359 549 444 612 forte
471 549 507 612 in
525 549 706 613 Tusculano
729 554 815 613 recte
838 571 907 612 esse
930 571 1080 632 possum,
1106 549 1195 613 naid

152 637 302 702 amelius
331 637 383 702 sit.
426 637 494 700 Ero
522 637 690 721 libentius3
721 637 805 701 nihil
828 637 912 701 enim
936 637 1104 721 ignorabo.
1148 635 1226 700 Ans

186 724 249 811 hic,
271 747 344 790 oum
366 724 530 789 Antonius
553 725 698 789 venerit?
1267 775 1268 780 1

255 813 325 896 sed,
353 817 390 876 ut
414 813 501 877 aliud-
524 835 563 876 ex
577 813 658 898 alio,
681 812 762 876 mihi
785 834 851 876 non
874 815 923 876 est
947 812 1091 897 dubium,
1116 813 1197 896 quin,
1267 833 1268 836 ’

188 902 274 984 quod
297 900 411 964 Graeci
433 907 599 984 καθῆκον,
626 922 686 964 nos
711 900 886 964 ‘officium'.
931 899 970 963 Id
993 905 1103 964 autem
1127 901 1197 984 quid
1267 897 1268 950 Ῐ

187 989 316 1054 dubitas
337 989 415 1072 quin
434 989 530 1053 etiam
548 989 584 1051 in
601 1011 669 1052 rem
686 988 850 1072 publicam
868 988 1030 1071 praeclare
1044 989 1196 1072 quadret?

186 1075 303 1142 Nonne
331 1077 466 1140 dicimus
494 1077 674 1141 ‘consulum
703 1076 859 1161 officium,
890 1081 1019 1140 senatus
1050 1077 1196 1160 officium,
1207 1101 1226 1138 ιο

186 1165 390 1248 imperatoris
414 1165 591 1229 officium'?
621 1163 787 1228 Praeclare
811 1165 975 1248 conuenit3
1000 1169 1057 1228 aut
1082 1166 1122 1228 da
1139 1187 1198 1228 mc-
1267 1197 1268 1202 ¹

156 1252 259 1317 llius.
305 1253 389 1316 Male
412 1274 523 1316 narras
548 1253 586 1316 de
608 1251 748 1336 Nepotis
772 1253 849 1316 filio.
895 1251 997 1316 Valde
1020 1253 1198 1317 mehercule

187 1363 319 1405 moveor
337 1345 371 1404 et
387 1340 523 1404 moleste
541 1341 619 1405 fero.
656 1338 843 1404 Nescieram
862 1341 993 1404 omnino
1014 1362 1084 1405 esse
1102 1343 1198 1405 istum

186 1450 329 1513 puerum.
385 1426 557 1492 Caninium
588 1429 725 1514 perdidi,
757 1428 937 1513 hominem,
968 1430 1055 1511 quod
1085 1430 1126 1493 ad
1151 1451 1198 1492 me

187 1517 318 1602 attinet,
345 1538 410 1580 non
437 1517 609 1602 ingratum.
655 1515 901 1580 Athenodorum
928 1516 1011 1580 nihil
1039 1522 1089 1581 est
1118 1517 1198 1600 quod
1210 1539 1228 1578 1⁵

186 1603 322 1668 hortere.
368 1604 460 1668 Misit
491 1605 576 1668 enim
601 1605 680 1668 satis
702 1604 825 1684 bellum
848 1605 1035 1688 ὑπόμνημα.
1084 1604 1198 1670 Grave-

187 1692 263 1778 dini,
286 1714 414 1778 quaes0,
438 1693 526 1756 omni
547 1693 672 1757 ratione
696 1693 840 1758 subveni.
877 1691 942 1757 Avi
964 1693 1014 1756 tui
1038 1715 1197 1778 pronepos

187 1781 298 1844 scribit
321 1781 362 1844 ad
383 1781 485 1863 patris
508 1781 572 1844 mei
593 1785 744 1863 nepotem
768 1802 802 1844 se
826 1803 865 1845 ex
883 1779 988 1845 Nonis
1007 1781 1058 1867 iis,
1083 1783 1198 1866 quibus
1267 1841 1268 1864 ἶ

185 1890 246 1932 nos
269 1889 386 1952 magna
408 1869 580 1953 gessimus,
609 1869 717 1933 aedem
742 1866 820 1952 Opis
844 1869 1081 1952 explicaturum
1105 1871 1199 1953 idque

187 1957 227 2020 ad
248 1957 410 2040 populum.
456 1955 591 2020 Videbis
623 1957 726 2042 igitur
753 1961 786 2020 et
818 1957 947 2022 scribes.
994 1957 1088 2022 Sexti
1122 1959 1231 2022 iudi-n

186 2045 271 2108 cium
295 2047 452 2128 exspecto.

649 2219 726 2288 XV.

332 2340 389 2394 Sor.
403 2341 436 2394 ia
453 2340 588 2408 Arpinati
605 2347 668 2394 aute
692 2340 719 2393 V
731 2340 775 2394 Id.
791 2341 856 2394 Dec.
872 2357 899 2394 a.
914 2343 968 2394 710
987 2343 1056 2408 (44).

488 2461 632 2517 CICERO
650 2461 796 2516 ATTICO
814 2462 896 2516 SAL.

152 2588 165 2636 1
251 2568 330 2634 Noli
366 2573 479 2652 putare
512 2570 646 2654 pigritia
677 2593 729 2634 me
759 2572 876 2655 facere,
913 2570 999 2653 quod
1030 2592 1099 2634 non
1131 2594 1231 2636 meaa

185 2679 282 2720 manu
314 2658 464 2742 scribam,
497 2658 553 2721 sed
584 2658 763 2722 mehercule
795 2658 937 2742 pigritia.
987 2656 1083 2721 Nihil
1116 2660 1200 2724 enim

183 2744 286 2808 habeo
315 2745 414 2828 aliud,
442 2745 529 2828 quod
557 2746 668 2810 dicam.
713 2746 758 2810 Et
786 2749 895 2810 tamen
924 2746 959 2809 in
982 2746 1048 2809 tuis
1072 2769 1200 2830 quoque

185 2831 330 2915 epistulis
349 2831 478 2897 Alexim
500 2834 610 2898 videor
629 2835 831 2918 adgnoscere.
870 2831 932 2898 Sed
951 2834 990 2896 ad
1008 2855 1077 2897 rem
1097 2837 1200 2899 venio.

249 2920 331 3004 Ego,
355 2920 382 2983 si
405 2942 455 2984 me
478 2943 545 2985 non
567 2923 806 3004 improbissime
824 2921 996 2986 Dolabella
1013 2926 1200 3007 tractasset,

184 3008 382 3071 dubitassem
404 3009 550 3094 fortasse,
572 3014 682 3074 utrum
705 3011 869 3074 remissior
888 3032 992 3074 essem
1010 3032 1052 3073 an
1071 3033 1199 3076 summo
1213 3035 1233 3074 u

183 3096 253 3159 iure
276 3096 506 3160 contenderem.
544 3095 638 3161 Nunc
661 3119 736 3162 vero
761 3099 858 3162 etiam
882 3099 1005 3182 gaudeo
1024 3099 1106 3162 mihi
1125 3123 1200 3164 cau·

185 3205 253 3248 sam
277 3184 432 3266 oblatam,
459 3184 493 3247 in
516 3206 579 3267 qua
603 3187 726 3269 etipse
751 3187 869 3250 sentiat
889 3190 921 3250 et
943 3186 1061 3268 reliqui
1086 3210 1200 3252 omnes
1267 3209 1268 3300 p

184 3293 235 3334 me
268 3272 307 3334 ab
339 3272 397 3335 illo
430 3272 660 3357 abalienatum,
693 3275 790 3356 idque
817 3295 892 3358 prae
921 3296 972 3337 me
999 3275 1102 3338 feram
1130 3279 1200 3360 †et
1267 3315 1268 3346 2

184 3359 313 3439 quidem
344 3381 395 3424 me
428 3382 523 3424 causa
554 3361 657 3424 facere
689 3366 721 3424 et
757 3363 804 3425 rei
837 3362 997 3446 publicae,
1035 3368 1072 3426 ut
1106 3364 1200 3428 illum

184 3445 319 3531 oderim,
351 3449 450 3535 quod,
482 3471 553 3512 cum
587 3470 656 3512 eam
688 3471 739 3512 me
773 3454 902 3514 auctore
936 3451 1104 3515 defendere
1132 3474 1201 3516 coe·
1215 3477 1237 3516 a
1267 3477 1268 3480 ¹

1267 3540 1268 3562 l
