2560 3880
283 147 540 204 EPISTULARUM
558 149 608 204 AI)
627 151 787 211 ATTICUM
804 151 856 204 XV
874 153 916 216 25,
936 153 978 201 26.
1066 147 1132 211 489

124 285 272 350 futurum
302 308 371 352 esse
398 287 522 353 confido
550 292 582 353 et
611 292 717 354 tecum
744 309 819 372 age,
845 292 883 352 ut
911 289 976 352 iam
998 288 1038 351 ab
1061 289 1133 371 ipsa

126 374 350 439 commissione
377 376 418 438 ad
444 398 508 460 me,
537 397 632 459 quem
660 377 700 440 ad
726 376 856 439 modum
878 376 1074 458 accipiantur
1096 376 1132 439 hi

124 461 203 546 ludi,
226 462 338 526 deinde
361 464 467 527 omnia
489 463 687 547 reliquorum
708 463 859 528 ludorum
880 463 916 527 in
938 463 1004 527 dies
1024 463 1132 548 singu·

124 549 176 613 los
199 571 397 633 persequare.
437 550 500 616 Sed
522 552 560 616 de
583 551 667 615 ludis
689 551 851 615 hactenus.
897 550 1035 634 Reliqua
1057 569 1165 634 parsu

97 637 283 720 sepistulee
315 642 364 702 est
394 638 452 702 illa
484 639 611 721 quidem
643 639 678 704 in
708 643 877 722 utramque
906 643 1045 722 partem,
1077 639 1133 703 sed

125 726 234 788 tamen
268 747 335 789 non
370 726 477 790 nullos
514 726 548 790 in
565 727 674 791 erdum
710 727 787 790 iacit
821 725 980 810 igniculos
1012 726 1130 791 viriles.

126 810 219 887 Quod
241 813 334 896 quale
356 813 419 877 tibi
440 813 610 900 videretur,
632 819 669 878 ut
686 835 798 897 posses
821 814 1035 897 interpretari,
1057 814 1132 877 misi

125 899 166 964 ad
188 905 221 964 te
244 900 424 984 exemplum
443 901 611 986 epistulam
634 923 828 986 quamquam
845 901 926 965 mihi
944 901 1130 965 tabellarius

124 991 235 1051 noster
258 987 381 1052 dixerat
399 989 461 1052 tibi
480 1010 607 1072 quoque
626 1011 660 1053 se
678 989 827 1053 attulisse
844 989 970 1053 litteras
990 1011 1010 1052 a
1027 988 1130 1052 Bruto

82 1102 110 1140 ro
126 1095 242 1158 casque
265 1075 305 1139 ad
327 1079 360 1140 te
383 1098 400 1140 e
422 1076 603 1140 Tusculano
627 1097 695 1141 esse
718 1077 846 1142 delatas.

191 1162 265 1246 Ego
294 1163 410 1227 itinera
438 1164 484 1229 sic
510 1185 764 1250 composueram,
795 1167 832 1227 ut
859 1162 963 1227 Nonis
990 1161 1165 1237 Quincti-3

123 1248 211 1314 libus
232 1249 376 1315 Puteolis
405 1273 519 1336 essem3
550 1252 641 1315 valde
668 1252 753 1316 enim
780 1251 911 1337 festino,
937 1251 984 1315 ita
1014 1254 1130 1335 tamen,

124 1342 176 1421 ut,
205 1343 361 1420 quantum
382 1338 479 1403 homo
502 1339 620 1423 possit,
650 1361 746 1422 quam
769 1339 952 1403 cautissime
973 1338 1129 1422 navigem.

124 1424 168 1489 M.
199 1423 328 1489 Aelium
355 1448 430 1491 cura
456 1427 623 1509 liberabis3
657 1449 709 1490 me
735 1448 853 1509 paucos
881 1427 976 1508 pedes
1009 1426 1044 1488 in
1079 1442 1165 1488 ert-4

82 1539 110 1580 15
124 1517 228 1576 tremo
263 1514 363 1578 fundo
395 1518 428 1580 et
448 1511 514 1579 'eos
547 1515 675 1598 quidem
707 1513 931 1578 subterraneos
964 1511 1129 1576 servitutis

125 1605 254 1684 putasse
277 1600 399 1684 aliquid
420 1602 598 1667 habituros.
635 1601 672 1666 Id
693 1623 744 1665 me
766 1601 895 1665 iamiam
917 1599 1003 1663 nolle
1025 1621 1129 1682 neque

124 1688 205 1752 mihi
223 1689 391 1772 quicquam
410 1711 479 1754 esse
497 1689 589 1754 tanti.
627 1688 698 1772 Sed,
720 1693 758 1752 ut
775 1689 856 1752 mihi
875 1687 1011 1771 dicebas,
1033 1708 1129 1769 quam

123 1775 299 1860 lenissime,
326 1777 436 1860 potius
459 1781 496 1841 ut
519 1798 594 1841 cura
616 1777 784 1862 liberetur,
811 1797 907 1859 quam
930 1779 966 1839 ut
987 1796 1039 1838 me
1062 1794 1129 1838 sus-

124 1885 252 1928 censere
279 1863 399 1947 aliquid
423 1864 609 1947 suspicetur.
651 1863 734 1928 Item
764 1863 801 1928 de
829 1864 887 1928 illo
911 1862 1059 1926 Tulliano
1082 1883 1129 1925 ca-

81 1980 110 2019 ao
124 1951 192 2034 pite
214 1951 315 2015 libere
337 1973 409 2016 cum
433 1949 587 2016 Cascellio
609 1952 748 2034 loquere.
793 1950 896 2014 Parva
918 1972 969 2014 res
992 1954 1052 2034 est,
1075 1950 1129 2014 sed

123 2042 162 2119 tu
184 2039 264 2104 bene
288 2039 462 2109 attendisti.
508 2037 614 2103 Nimis
637 2039 750 2103 callide
773 2040 936 2124 agebatur.
981 2037 1054 2124 Ego
1078 2060 1130 2101 au·

123 2130 205 2212 tem,
236 2127 265 2190 si
295 2127 375 2190 mihi
402 2127 610 2209 imposuisset
637 2125 774 2211 aliquid,
806 2126 893 2210 quod
919 2146 1019 2210 paene
1045 2125 1129 2210 fecit,

123 2214 189 2278 nisi
201 2217 259 2278 tua
276 2214 400 2278 malitia
418 2215 570 2299 affuisset,
584 2214 689 2278 animo
703 2214 815 2297 iniquo
829 2213 984 2278 tulissem.
1007 2211 1130 2298 Itaque,

123 2306 200 2366 utut
221 2302 292 2386 erit,
312 2324 381 2366 rem
404 2302 552 2385 impediri
574 2302 667 2367 male.
713 2300 866 2366 Octavam
888 2305 1013 2384 partem
1035 2301 1130 2384 †tuli

82 2417 109 2457 as
123 2389 319 2454 luminarum
341 2390 480 2454 medium
504 2391 544 2454 ad
566 2394 674 2455 straus
696 2390 877 2454 memineris
900 2389 952 2453 cui
975 2386 1130 2454 Caerellia

123 2477 241 2542 videris
272 2478 442 2560 mancupio
475 2478 549 2543 dare
581 2478 621 2542 ad
652 2499 722 2542 eam
753 2499 923 2561 summam,
955 2498 1036 2560 quae
1068 2478 1128 2541 sub

123 2586 278 2649 praecone
300 2565 363 2629 fuit
386 2566 532 2628 maxima.
578 2564 615 2628 Id
638 2566 752 2648 opinor
775 2586 844 2629 esse
866 2567 1035 2630 (Tc'd'ffxi‘x.

190 2650 277 2716 Novi
300 2653 328 2717 si
351 2653 429 2736 quid
451 2653 526 2738 erit,
554 2657 651 2735 atqua
673 2654 770 2717 ctiam
793 2652 821 2716 si
845 2653 923 2736 quid
944 2652 1164 2737 prospicieso

124 2741 212 2824 quod
237 2741 382 2805 futurum
410 2743 517 2825 putes,
546 2740 666 2804 scribas
690 2740 730 2803 ad
750 2762 802 2804 me
825 2762 921 2823 quam
944 2740 1129 2822 saepissime

83 2857 110 2898 ao
123 2827 230 2913 velim,
256 2827 405 2912 Varroni,
428 2827 736 2911 quemadmodum
758 2827 820 2891 tibi
841 2829 998 2912 mandavi,
1020 2827 1129 2892 memi-

122 2915 210 2980 neris
242 2936 392 2980 excusare
417 2915 603 2979 tarditatem
629 2915 812 2978 litterarum
838 2939 989 2981 mearum.
1034 2915 1129 2978 Mun-

124 3003 184 3066 dus
215 3003 278 3068 iste
309 3025 381 3067 cum
412 3003 454 3067 M.
482 3003 589 3067 Ennio
622 3002 700 3086 quid
731 3003 833 3086 egerit
865 3005 903 3069 de
935 3006 1128 3068 testamento

124 3090 285 3176 (curiosus
308 3090 393 3154 enim
415 3089 513 3177 sum),
541 3091 638 3155 facias
661 3112 712 3155 me
736 3090 833 3156 velim
855 3092 1031 3156 certiorem.
1077 3089 1129 3152 Ex

123 3177 274 3262 Arpinati
296 3197 333 3242 vr
355 3174 439 3242 Non.
