2578 3886
169 178 238 242 330
501 178 539 233 M.
559 178 668 234 TULLI
686 177 876 234 CICERONIS

170 343 213 385 es
258 320 305 386 Et
327 322 451 386 factum
472 321 576 407 igitur
598 325 636 385 tu
656 321 834 386 scribist
789 343 818 384 rs
819 322 863 385 tis
882 320 1007 404 placere
1026 326 1058 386 et
1067 321 1205 403 placere

168 409 343 474 isdem't
299 414 343 474 111
344 410 372 476 is
404 410 575 475 lictoribus
598 431 649 474 me
672 410 736 496 uti,
764 409 851 493 quod
873 430 1062 474 concessum
1085 406 1203 473 Sestio

170 498 278 584 sit;c
261 497 313 562 cui
344 519 412 563 non
442 502 523 582 puto
552 519 629 562 suos
657 519 728 562 esse
755 517 936 582 concessos,
964 497 1021 562 sed
1049 497 1133 562 ab
1121 519 1203 582 rpso

168 587 272 651 datos.
317 584 424 650 Audio
456 586 541 650 enim
571 608 646 650 eum
675 607 712 651 ea
740 589 872 650 senatus
900 549 1082 649 cdnsulta
1072 607 1203 670 rmpro-

169 674 261 759 bare,
297 695 379 758 quae
414 677 490 757 pest
527 673 705 738 discessum
740 674 948 739 tribunorum
983 675 1071 737 facta
1106 678 1201 738 sunt.
1228 699 1239 738 1

169 761 273 838 Quare
301 762 436 848 poterit,
464 761 493 825 si
515 763 604 826 volet
628 762 692 827 sibi
715 766 876 848 constare,
903 765 1034 844 nostros
1057 762 1200 827 lictores

168 849 387 934 comprobare.

131 954 148 1002 2
237 937 439 1021 Quamquam
469 936 548 1021 quid
575 959 635 1022 ego
663 938 702 1002 de
729 937 915 1024 lictoribus,
943 938 1000 1022 qui
1025 960 1131 1022 paene
1156 959 1202 1003 ex

167 1024 265 1091 Italia
293 1025 443 1090 decedere
471 1026 534 1090 sim
560 1025 691 1098 iussus?
728 1024 814 1090 Nam
838 1026 879 1091 ad
900 1047 952 1090 mc
974 1026 1065 1090 misit
1088 1025 1200 1091 Anto-

167 1115 242 1178 nius
270 1114 453 1197 exemplum
482 1113 629 1179 Caesaris
658 1113 698 1179 ad
726 1136 760 1178 se
786 1114 983 1199 litterarum,
1011 1115 1047 1178 in
1070 1115 1199 1198 quibus
1215 1141 1240 1179 re

168 1205 237 1265 eret
269 1223 304 1265 11
338 1202 467 1267 audisse
496 1200 653 1267 Catonem
684 1205 717 1266 et
743 1201 779 1267 L.
803 1201 970 1267 Metellum
997 1201 1034 1266 111
1058 1200 1200 1267 Italiam

167 1291 304 1376 venisse,
326 1287 450 1355 Itomae
474 1293 512 1354 ut
535 1293 643 1355 essent
665 1290 781 1374 palam.
817 1286 857 1355 Id
836 1290 945 1354 sdibi
965 1311 1032 1355 non
1054 1290 1199 1377 placere,

166 1399 208 1442 ne
245 1378 301 1461 qui
323 1383 433 1444 motus
457 1399 498 1443 ex
520 1400 557 1443 eo
581 1378 709 1443 fieren
702 1429 709 1462 ,
681 1377 969 1462 tprobiberique
992 1400 1105 1443 omnes
1129 1343 1199 1443 Ita-²

166 1465 225 1550 lia,
252 1465 317 1530 nisi
346 1489 484 1550 quorum
512 1466 583 1567 ipse
610 1488 739 1531 causam
767 1466 987 1551 cognovisset
1019 1467 1123 1551 deque
1155 1489 1196 1532 1ο

166 1517 389 1620 veliementius
417 1559 487 1620 erat
517 1555 675 1639 scripum
676 1553 842 1638 Itaque
865 1517 1029 1619 Antonius
1057 1554 1196 1638 petebat
1213 1582 1237 1621 15

166 1666 186 1706 a
215 1665 268 1708 me
291 1665 348 1728 per
370 1643 513 1727 litteras,
542 1647 581 1707 ut
604 1642 700 1707 sibi
690 1663 906 1727 rgnoscerem3
937 1643 1042 1707 facere
1065 1664 1100 1708 se
1122 1664 1196 1708 non

166 1752 277 1817 posse,
310 1731 391 1816 quin
421 1731 462 1794 iis
494 1694 615 1795 litteris
645 1734 781 1814 pareret.
826 1731 910 1795 Tum
943 1731 983 1795 ad
1011 1753 1084 1795 eum
1113 1732 1195 1796 misi

167 1818 202 1884 L.
220 1819 376 1906 Lamiam,
400 1819 456 1902 qui
479 1819 714 1882 demonstraret
737 1819 830 1882 illum
849 1817 1039 1884 Dolabellae
1059 1819 1194 1906 dixisse,

167 1911 205 1972 ut
234 1908 273 1972 ad
300 1931 351 1972 me
382 1907 552 1990 scriberet,
581 1907 675 1970 utin
698 1905 828 1970 Italiam
852 1908 1115 1991 quamprimum
1139 1929 1194 1972 ve

166 1996 285 2081 uirem3
317 1996 387 2059 eius
414 2016 466 2058 me
492 1994 613 2058 litteris
640 1994 776 2060 venisse.
822 1994 905 2060 Tum
927 1995 983 2059 ille
1006 1995 1109 2060 edixit
1131 1996 1192 2082 ita,
1209 2024 1235 2061 11

166 2087 204 2146 ut
234 2105 285 2147 me
312 2084 473 2167 exciperet
501 2086 533 2145 et
561 2081 708 2146 Laelium
735 2082 937 2147 nominatim.
989 2082 1082 2159 Quod
1111 2105 1193 2148 sane

166 2171 300 2255 nollem,
321 2174 450 2255 poterat
473 2170 559 2234 enim
583 2170 652 2234 sine
673 2170 805 2235 nomine
827 2193 878 2236 res
901 2171 973 2254 ipsa
995 2170 1108 2254 excipi.

129 2275 147 2322 3
235 2256 262 2321 0
291 2259 411 2322 multas
439 2261 472 2322 et
499 2279 614 2343 graves
646 2258 851 2324 offensiones!
888 2281 968 2342 quas
999 2259 1130 2343 quidem
1154 2264 1195 2324 tu

168 2347 224 2410 das
254 2368 385 2429 operam
408 2349 446 2410 ut
467 2345 585 2432 lenias,
614 2366 673 2409 nec
696 2350 807 2410 tamen
827 2346 913 2412 nihil
935 2348 1081 2433 proficis,
1110 2349 1195 2432 quin

166 2434 229 2499 hoc
247 2434 319 2518 ipso
337 2433 460 2498 1111111111
479 2433 625 2498 dolorem
644 2454 773 2521 meum,
797 2435 893 2521 quod,
915 2440 953 2499 ut
971 2435 1112 2520 minuas,
1135 2439 1206 2520 tam
1222 2463 1248 2502 11

166 2521 260 2586 valde
278 2521 421 2607 laboras3
444 2521 542 2606 idque
559 2521 658 2587 velim
676 2544 717 2586 ne
737 2543 869 2606 gravere
886 2546 984 2606 quam
1000 2523 1194 2607 saepissime

166 2610 280 2674 facere.
316 2609 460 2676 Maxime
482 2613 591 2674 autem
615 2610 800 2697 adsequere,
823 2611 992 2696 quodvis,
1015 2612 1044 2676 11
1066 2633 1120 2675 me
1139 2611 1195 2676 ad-

166 2697 307 2784 duxeris,
328 2702 367 2762 ut
390 2698 573 2763 existimem
596 2721 648 2763 me
671 2699 832 2762 bonorum
856 2698 1011 2763 iudicium
1033 2720 1102 2764 11111
1120 2699 1194 2763 fun-

167 2785 255 2850 ditus
288 2785 474 2870 perdidisse.
526 2786 730 2888 Quamquam
764 2787 842 2871 quid
873 2787 951 2851 tu
941 2808 978 2850 m
1006 2807 1042 2852 eo
1072 2789 1192 2871 potes?

167 2872 261 2938 Nihil
285 2873 413 2939 scilicet.
391 2874 536 2960 t,Sed
565 2874 593 2939 si
622 2874 699 2958 quid
726 2895 778 2938 res
806 2875 897 2939 debit
926 2875 990 2940 tibi
1012 2875 1192 2962 facultatis,
1206 2904 1233 2944 so

165 2961 199 3025 id
227 2983 279 3026 me
305 2962 446 3026 maxime
475 2926 636 3027 corisolari
664 2966 722 3046 pot
724 2964 801 3048 erit3
833 2963 920 3047 quod
947 2984 1035 3028 mmo
1058 2928 1193 3048 quideni

164 3049 259 3114 video
283 3071 350 3114 non
373 3071 457 3135 esse,
485 3050 550 3136 sed,
579 3050 607 3114 si
631 3050 717 3137 quid,
741 3073 779 3114 11
803 3051 996 3138 excutiant
981 3051 1081 3116 thoe
1103 3074 1192 3116 nunc

165 3137 290 3202 accidit.
324 3100 463 3202 Dicebat
481 3137 631 3202 debuisse
651 3160 724 3202 cum
738 3137 897 3291 Pompeio
912 3139 1081 3223 proficisci.
1112 3139 1192 3204 Exi·

165 3231 221 3290 tus
249 3225 339 3291 illius
363 3225 483 3290 minuit
506 3225 577 3290 eius
602 3225 703 3290 officii
725 3227 947 3311 praetermissi
968 3228 1192 3312 reprehensio-

164 3335 248 3379 nem.
287 3312 350 3380 Sed
373 3337 412 3378 ex
438 3314 590 3378 omnibus
613 3312 697 3376 nihil
719 3316 824 3399 magis
848 3319 957 3379 tamen
981 3316 1191 3401 desideratur,
1206 3343 1231 3383 es

163 3422 261 3484 qaam
290 3402 375 3486 quod
403 3402 439 3465 in
465 3401 611 3466 Africam
639 3421 706 3464 non
733 3402 836 3466 ierim.
881 3401 1003 3467 Iudicio
1030 3403 1094 3469 hoc
1117 3426 1191 3469 sum

165 3509 258 3576 usus,
289 3511 357 3554 uon
390 3511 459 3554 1111
491 3488 639 3552 barbaris
669 3489 799 3554 auxiliis
827 3489 1053 3556 fallacissimae
1081 3493 1190 3576 gentis
