2560 3880
189 143 255 208 520
277 142 315 198 Μ.
325 142 433 198 uuum
447 141 637 199 CICERONIS
650 142 763 198 EPIST.
773 141 823 196 AD
832 141 998 197 ATTIOUM
1011 141 1078 196 XVI
1088 147 1121 196 16
1131 141 1161 210 E,
1170 139 1197 193 F.

188 285 305 350 faciam
331 286 428 350 finem
450 287 603 373 rogandi,
630 285 737 369 quoad
758 285 854 350 nobis
877 283 1065 349 nuntiatum
1088 285 1149 349 erit
1170 288 1198 347 te

189 373 224 437 id
245 374 369 459 fecisse,
392 375 479 458 quod
499 395 617 459 magne
639 394 713 438 cum
737 395 794 457 spe
812 377 1045 457 exspectamus.
1083 371 1198 437 Deinde

190 461 276 527 enim
307 461 433 528 confido
464 463 533 526 fore
560 466 597 525 ut
630 461 694 526 alic
722 481 838 546 genere
865 461 1050 526 litterarum
1076 464 1198 524 utemur

190 550 316 632 tibique
357 571 416 633 pro
452 552 510 614 tuo
547 571 673 614 summo
710 548 865 614 beneficio
902 548 1025 633 gratias
1063 569 1196 632 agamus.

191 636 284 713 Quod
312 636 341 701 si
363 638 528 724 acciderit,
558 637 656 702 velim
680 636 726 701 sic
749 637 931 724 existimes,
961 658 1029 700 non
1052 637 1227 701 1111111111

190 723 351 808 Atticum,
383 725 473 790 cuius
502 746 678 811 permagna
700 747 752 789 res
775 725 897 810 agitur,
930 746 1027 808 quam
1051 746 1118 811 me,
1147 724 1197 807 qui

189 834 257 878 non
278 813 386 877 minus
408 812 521 878 laboro
546 835 643 898 quam
666 813 731 899 illc,
754 813 936 898 obligatum
958 813 1035 878 fore.

680 1005 715 1070 F.

511 1125 568 1182 Ser.
580 1127 668 1195 paulo
679 1132 743 1194 poet
755 1141 796 1195 ep.
811 1129 849 1180 16
859 1125 888 1180 (J.

491 1247 620 1304 CICERO
640 1248 813 1304 CAPITONI
831 1247 906 1304 SAL.
1208 1255 1228 1293 ¹⁰

139 1375 172 1425 17
258 1355 336 1422 Non
357 1357 486 1443 dubito,
513 1357 593 1441 quin
615 1357 732 1421 mirere
754 1360 852 1440 atque
875 1357 973 1421 etiam
996 1356 1198 1438 stomachere‚

192 1445 278 1529 quod
304 1449 411 1509 tecum
438 1445 476 1508 de
499 1445 665 1510 eademne
688 1465 783 1530 agam
806 1445 942 1528 saepius.
987 1444 1138 1510 Hominis
1157 1444 1198 1507 fa·

191 1533 402 1598 miliarissimi
425 1537 457 1597 et
480 1532 559 1596 mihi
578 1533 729 1597 omnibus
747 1533 844 1597 rebus
862 1533 1120 1598 coniunctissimi
1136 1553 1198 1616 per-

191 1641 383 1706 magnares
406 1621 524 1706 egitur,
551 1619 662 1685 Attici.
708 1618 855 1706 Cognovi
878 1642 939 1707 ego
961 1624 1019 1685 111
1043 1621 1148 1686 studia
1167 1621 1199 1684 in

193 1709 327 1792 amicos,
360 1709 457 1773 etiam
487 1709 522 1772 in
553 1713 586 1772 te
618 1709 802 1773 amicorum.
849 1708 991 1774 Multum
1022 1713 1116 1792 potes
1143 1729 1229 1772 noso

141 1815 173 1862 18
193 1797 278 1880 apud
299 1795 454 1861 Plancum
476 1796 594 1860 iuvere.
634 1795 722 1862 Novi
744 1796 979 1861 humanitatem
1002 1799 1106 1882 tuem3
1130 1797 1200 1878 scio,
1262 1825 1263 1885 1

193 1907 290 1969 quem
317 1885 361 1949 sis
388 1885 500 1948 amicis
526 1884 692 1949 iucundus.
741 1883 846 1948 Nemo
873 1906 933 1949 nos
960 1884 996 1948 in
1023 1885 1086 1949 hac
1112 1906 1199 1950 11111

192 1973 266 2056 plus
288 1973 398 2037 iuvare
420 1976 528 2056 potest
553 1994 649 2055 quam
672 1976 717 2036 tu.
759 1972 806 2036 Et
828 1993 879 2036 res
902 1973 951 2037 ita
972 1976 1021 2037 est
1044 1973 1147 2056 firme,
1167 1976 1200 2035 11

192 2061 288 2125 debet
311 2082 390 2144 csse,
417 2081 515 2143 quam
537 2060 684 2124 consules
708 2060 746 2123 de
769 2060 897 2126 consilii
919 2060 1082 2126 sententie
1104 2061 1201 2124 decre

191 2152 319 2234 uerunt,
340 2170 413 2212 cum
436 2151 469 2211 et
490 2148 562 2233 lege
585 2151 618 2211 11
641 2151 772 2212 senatus
795 2148 943 2212 consulto
966 2151 1200 2234 cognoscerent.
1211 2168 1231 2206 11

192 2235 314 2301 Tamen
344 2236 452 2301 omnia
480 2236 587 2319 posita
616 2239 768 2319 putamus
797 2235 832 2299 in
854 2235 964 2299 Planci
991 2236 1042 2299 tui
1069 2235 1202 2300 liberali-

192 2328 272 2406 tate3
305 2347 400 2408 quem
429 2324 557 2408 quidem
584 2324 779 2387 arbitramur
807 2345 880 2388 cum
908 2323 1007 2387 officii
1031 2324 1084 2388 sui
1107 2329 1140 2389 et
1161 2323 1202 2387 rei

193 2413 341 2496 publicae
380 2433 476 2477 11111
517 2413 679 2476 decretum
715 2411 884 2475 consulum
921 2412 1202 2494 comprobaturum

192 2503 264 2563 tum
291 2499 429 2565 libenter
454 2504 568 2564 nostra
595 2521 691 2563 causa
718 2521 789 2563 esse
811 2499 981 2563 facturum.
1027 2497 1202 2564 Adiuvabis

192 2587 307 2671 igitur,
343 2587 390 2651 mi
421 2585 545 2671 Capito.
600 2587 693 2661 Quod
725 2591 761 2651 nt
793 2587 905 2672 facias,
937 2591 971 2650 11
1002 2587 1203 2652 vehementer
1213 2605 1231 2646 1

194 2675 292 2740 etiam
315 2679 412 2758 atque
435 2677 533 2741 etiam
555 2695 644 2760 rogo.
