2586 3886
162 178 224 242 182
488 176 525 230 Μ.
545 176 652 230 TULLI
670 175 858 231 CICERONIS

623 352 708 418 VIH.

414 464 471 520 Ser.
487 466 592 534 Ephesi
610 465 647 519 K.
665 464 721 520 Oct.
737 483 763 519 a.
778 469 832 520 704
852 469 923 533 (50),

480 569 607 624 CICERO
626 569 757 624 ATTICO
777 571 850 625 SAL.
946 617 947 620 ,

126 690 140 738 1
228 670 311 736 Cum
333 670 548 735 instituissem
573 671 613 734 ad
635 674 668 734 te
687 669 825 735 scribere
845 670 1066 754 calamumque
1088 691 1174 734 sum-

160 761 311 846 psissem,
342 758 500 823 Batonius
533 781 550 823 e
582 758 766 822 navirecta
790 758 902 823 adme
926 759 1013 823 venit
1040 757 1173 822 domum
1203 784 1217 824 5

160 847 284 931 Ephesi
302 850 334 911 et
354 845 526 930 epistulam
545 849 635 910 tuam
653 845 790 910 reddidit
809 847 911 930 pridie
924 845 995 910 Kal.
1007 844 1172 910 Octobres.

160 934 314 1000 Laetatus
344 957 415 998 sum
442 933 597 998 felicitate
624 934 840 1018 navigationis
868 938 951 1018 tuae,
984 934 1173 1018 opportuni-

161 1027 229 1088 tate
247 1023 357 1107 Piliae,
376 1022 473 1087 etiam
492 1021 619 1085 hercule
639 1043 785 1087 sermone
804 1022 945 1087 eiusdem
964 1023 1003 1087 dc
1021 1022 1173 1106 coniugio

126 1111 286 1176 aTulliae
314 1132 410 1174 meae.
456 1109 613 1174 Batonius
642 1113 749 1174 autem
771 1111 872 1175 miros
895 1114 1033 1175 terrores
1058 1110 1097 1174 ad
1119 1133 1173 1175 me

163 1198 273 1262 attulit
302 1195 524 1282 Caesarianos,
556 1220 628 1262 cum
655 1197 758 1281 Lepta
789 1198 886 1262 etiam
917 1199 1011 1282 plura
1042 1198 1172 1262 locutus
1189 1227 1217 1264 ro

163 1290 225 1371 est,
253 1308 345 1370 spero
368 1286 460 1372 falsa,
488 1286 543 1350 sed
566 1289 650 1350 certe
673 1285 856 1373 horribilia,
882 1287 1057 1351 exercitum
1080 1287 1172 1350 nullo

162 1374 256 1439 modo
280 1374 496 1459 dimissurum,
519 1396 591 1438 cum
615 1374 671 1438 illo
694 1375 858 1457 praetores
877 1375 1072 1459 designatos,
1095 1372 1172 1438 Cas-

163 1463 246 1526 sium
273 1463 439 1526 tribunum
466 1462 523 1548 pl,
549 1461 722 1527 Lentulum
750 1462 912 1527 consulem
935 1464 1051 1548 facere,
1077 1461 1173 1526 Pom-

161 1551 234 1634 peio
257 1551 293 1614 in
316 1551 422 1615 animo
441 1572 511 1615 esse
534 1551 647 1614 urbem
670 1549 856 1632 relinquere.
1289 1627 1290 1632 γ

127 1657 142 1704 3
229 1637 291 1705 sed
319 1638 399 1703 heus
429 1641 479 1703 tu!
511 1638 668 1722 numquid
697 1638 831 1703 moleste
858 1639 923 1703 fers
951 1639 989 1702 de
1012 1638 1082 1722 illo,
1113 1638 1172 1721 qui
1187 1664 1215 1705 15
1289 1645 1290 1650 ’

164 1749 197 1790 se
221 1726 303 1791 solet
327 1727 484 1792 anteferre
507 1731 623 1809 patruo
647 1727 767 1791 sororis
791 1729 864 1790 tuae
886 1726 971 1790 filii?
1008 1729 1041 1790 at
1064 1727 1172 1810 a'qui-
1289 1809 1290 1816 ἵ

163 1815 223 1879 bus
248 1814 364 1879 victus!
411 1813 472 1879 Sed
496 1815 535 1878 ad
557 1837 633 1879 rem.

125 1922 143 1969 4
228 1901 297 1967 Nos
321 1903 438 1967 etesiae
460 1901 740 1967 vehementissime
758 1901 940 1986 tardarunt,
962 1901 1102 1965 detraxit
1120 1918 1170 1965 xx
1289 1913 1290 1984 s

162 1991 250 2073 ipsos
278 1990 345 2074 dies
373 1991 482 2054 etiam·
498 1990 669 2074 aphractus
697 1989 904 2053 Rhodiorum.
949 1987 1020 2053 Kal.
1040 1987 1169 2053 Octobr.
1289 2017 1290 2076 g

162 2078 292 2161 Epheso
316 2079 562 2143 conscendentes
580 2078 663 2142 hanc
681 2077 853 2160 epistulam
872 2076 1016 2140 dedimus
1040 2077 1073 2163 L,
1094 2076 1170 2140 'Iar-
1186 2106 1215 2144 so
1289 2081 1290 2126 l

162 2167 266 2249 quitio
295 2166 391 2229 simul
419 2188 435 2230 c
461 2170 559 2249 portu
582 2166 771 2250 egredienti,
801 2165 857 2230 sed
880 2164 1059 2248 expeditius
1082 2165 1170 2229 novi-

162 2253 261 2338 genti.
316 2253 386 2318 Nos
418 2252 619 2318 Rhodiorum
655 2253 815 2335 aphractis
852 2253 1030 2337 ceterisque
1061 2253 1170 2338 longis
1289 2287 1290 2322 l

162 2342 298 2405 navibus
328 2342 579 2425 tranquillitates
609 2341 798 2424 aucupaturi
820 2363 960 2425 eramus3
992 2342 1039 2404 ita
1061 2345 1172 2405 tamen
1289 2365 1290 2370 ¹

162 2429 424 2513 properabamus,
446 2433 483 2493 ut
505 2451 571 2493 non
593 2434 702 2512 posset
725 2429 836 2513 magis
1289 2425 1290 2506 ζ

128 2536 143 2584 5
230 2516 277 2581 De
301 2517 492 2581 raudusculo
516 2517 692 2581 Puteolano
717 2521 852 2602 gratum.
888 2515 983 2581 Nunc
1006 2517 1102 2582 velim
1125 2516 1171 2581 di·
1187 2544 1214 2584 25
1289 2517 1290 2576 ?

164 2605 280 2687 spicias
303 2627 354 2669 res
377 2604 554 2690 Romanas,
581 2606 703 2692 videas,
726 2604 920 2689 quidnobis
943 2605 981 2669 de
1003 2604 1170 2687 triumpho
1289 2599 1290 2664 j

163 2693 368 2776 cogitandum
395 2697 503 2778 putes,
531 2694 571 2757 ad
598 2715 693 2778 quem
721 2693 814 2757 amici
841 2715 891 2757 me
918 2697 1042 2757 vocant.
1086 2692 1172 2778 Ego,

162 2781 227 2843 nisi
249 2780 399 2865 Bibulus,
430 2781 494 2865 qui,
518 2782 593 2845 dum
616 2804 698 2845 unus
721 2781 826 2845 hostis
849 2782 884 2845 in
907 2779 1001 2864 Syria
1023 2781 1095 2866 fuit,
1117 2803 1171 2863 pe·
1289 2841 1290 2864 ,

163 2869 235 2932 dem
262 2873 357 2951 porta
378 2890 444 2932 non
467 2869 540 2951 plus
563 2869 680 2933 extulit
703 2891 800 2952 quam
822 2868 841 2910 ’¹‘
864 2870 958 2934 domo
983 2891 1054 2955 sua,
1083 2869 1170 2933 adni-

163 2959 285 3020 teretur
308 2957 347 3020 de
370 2957 543 3040 triumpho,
566 2979 667 3041 aequo
691 2957 798 3021 animo
821 2979 931 3022 essem.
975 2955 1070 3022 Nunc
1093 2979 1170 3021 vero
1186 2985 1214 3022 ao

164 3045 303 3129 αἰσχρὸν
326 3054 461 3110 σιωπᾶν.
504 3044 566 3110 Sed
589 3045 720 3127 explora
741 3067 809 3108 rem
832 3048 944 3129 totam,
966 3049 1013 3131 ut,
1035 3045 1170 3129 quodie

165 3132 326 3216 congressi
350 3133 478 3217 erimus,
501 3132 671 3197 consilium
694 3154 805 3215 capere
828 3134 998 3216 possimus.

230 3219 287 3285 Sat
310 3220 420 3304 multa,
445 3220 501 3304 qui
524 3225 556 3285 et
579 3242 783 3305 properarem
807 3225 839 3284 et
860 3221 890 3284 ei
907 3221 1033 3285 litteras
1052 3221 1171 3305 darem,

163 3308 219 3392 qui
243 3312 298 3372 aut
321 3330 445 3372 mecum
469 3312 524 3372 aut
542 3309 639 3391 paulo
658 3313 732 3372 ante
751 3312 905 3373 venturus
924 3312 1016 3374 esset.
1058 3306 1170 3372 Cicero
1289 3307 1290 3324 ³

164 3397 227 3461 tibi
250 3396 423 3480 plurimam
447 3397 584 3460 salutem
608 3397 693 3460 dicit.
741 3397 790 3460 Tu
815 3397 898 3460 dices
922 3397 1091 3480 utriusque
1113 3417 1170 3461 no·
1186 3421 1214 3463 as

161 3488 267 3548 strum
290 3485 396 3549 verbis
420 3489 452 3548 et
475 3483 575 3549 Piliae
599 3488 673 3549 tuae
697 3487 728 3547 et
752 3484 845 3548 filiae.
