2578 3886
174 127 240 190 350
497 127 534 181 M.
555 127 663 180 TULLI
681 127 872 181 CICERONIS

174 270 252 354 quid
276 271 387 356 egerit.
433 270 564 355 Epheso
588 270 645 355 qui
667 269 813 356 veniunt,
837 270 885 334 ibi
909 292 943 334 se
967 293 1041 336 eum
1065 271 1102 336 de
1125 272 1196 335 suis

174 359 403 423 controversiis
431 359 467 422 in
493 359 544 422 ius
576 359 747 423 adeuntem
770 359 889 422 vidisse
911 359 1080 444 nuntiant3
1113 381 1197 444 quae

174 447 303 530 quidem
328 445 389 534 (ita
413 448 499 511 enim
521 447 590 510 veri
614 447 718 510 simile
743 445 807 533 est)
831 448 867 510 in
890 446 1064 512 adventum
1082 445 1196 512 Caesa-

173 535 218 599 ris
242 537 381 600 fortasse
399 535 586 599 reiciuntur.
623 534 675 599 lta
694 539 751 599 aut
768 535 853 599 nihil
871 539 952 620 puto
973 557 1046 599 eum
1065 536 1197 619 habere,

174 625 261 707 quod
283 627 377 707 putet
401 623 441 686 ad
463 644 516 687 me
536 623 671 686 celerius
696 623 932 709 perferendum,
954 628 1011 687 aut
1035 625 1115 688 adeo
1140 647 1196 688 me
1221 649 1231 688 5

172 715 208 776 ia
234 713 330 776 malis
359 732 429 774 esse
457 711 656 794 despectum,
682 715 734 796 ut,
762 712 888 775 etiamsi
916 711 994 795 quid
1020 712 1134 798 habet,
1162 713 1197 776 id

172 800 238 863 nisi
262 799 411 864 omnibus
437 799 503 862 suis
527 800 668 883 negotiis
688 800 843 864 confectis
863 799 903 864 ad
920 821 972 863 me
991 801 1111 864 referre
1128 822 1196 864 non

173 891 271 952 curet.
317 887 370 950 Ex
394 909 457 971 quo
482 907 637 972 magnum
661 888 810 971 equidem
833 889 925 971 capio
949 888 1112 974 dolorem,
1140 889 1197 952 sed

172 998 239 1040 non
261 979 400 1060 tantum,
424 979 582 1058 quantum
604 975 716 1040 videor
739 977 862 1041 debere.
900 975 993 1040 Nihil
1017 977 1104 1041 enim
1123 999 1197 1041 mea

172 1065 279 1128 minus
302 1064 459 1128 interesse
480 1067 571 1149 puto,
599 1086 696 1147 quam
720 1064 797 1148 quid
820 1065 910 1128 illinc
933 1064 1106 1129 adferatur.
1157 1064 1197 1129 Id
1209 1090 1231 1128 1⁰

173 1173 270 1235 quam
294 1152 336 1216 ob
360 1174 437 1238 rem,
459 1156 492 1216 te
515 1153 703 1237 intellegere
726 1157 814 1218 certo
839 1152 914 1216 scio.

137 1256 152 1304 5
240 1238 333 1314 Quod
359 1261 411 1304 me
438 1263 550 1305 mones
578 1240 617 1304 de
646 1241 742 1304 vultu
771 1245 806 1305 et
832 1241 977 1306 oratione
1000 1241 1041 1304 ad
1064 1246 1195 1326 tempus

172 1328 451 1413 accommodanda,
466 1330 528 1393 etsi
547 1329 677 1394 difficile
697 1333 755 1414 est,
773 1333 883 1394 tamen
896 1329 1091 1413 imperarem
1103 1331 1197 1416 mihi,

172 1416 289 1480 simeo
309 1417 481 1500 quicquam
501 1418 658 1481 interesse
676 1421 835 1501 putarem.
859 1418 953 1493 Quod
972 1419 1088 1482 scribis
1106 1419 1198 1483 litte-

170 1504 217 1567 ris
240 1508 354 1588 putare
378 1504 609 1570 teAfricanum
626 1506 796 1590 negotium
815 1506 929 1570 confici
948 1529 1055 1592 posse,
1077 1507 1195 1572 vellem
1208 1529 1230 1570 ιε

172 1593 337 1677 scriberes,
361 1615 417 1657 cur
440 1594 487 1657 ita
510 1598 654 1678 putares3
684 1593 766 1657 mihi
789 1594 919 1677 quidem
941 1595 1025 1658 nihil
1047 1597 1083 1660 in
1106 1618 1195 1660 men-

170 1684 238 1744 tem
260 1682 358 1765 venit,
382 1703 481 1764 quare
503 1681 537 1744 id
559 1686 672 1764 putem
693 1682 764 1745 fieri
788 1704 891 1764 posse.
936 1683 987 1746 Tu
1009 1687 1121 1748 tamen
1144 1707 1195 1748 ve-

170 1768 242 1853 lim,
274 1771 302 1834 si
331 1769 409 1852 quid
437 1770 512 1854 erit,
546 1771 632 1853 quod
660 1770 891 1834 consolationis
920 1772 1043 1855 aliquid
1066 1772 1195 1856 habeat,

172 1858 293 1922 scribas
317 1858 357 1920 ad
379 1879 444 1942 me,
476 1858 536 1941 sin,
559 1861 596 1922 ut
619 1858 791 1944 perspicio,
812 1859 895 1923 nihil
919 1861 990 1945 erit,
1014 1860 1139 1925 scribas
1162 1860 1195 1924 id

170 1945 286 2028 ipsum.
331 1945 405 2030 Ego
434 1945 475 2009 ad
501 1949 549 2030 te,
581 1947 609 2009 si
637 1946 715 2030 quid
747 1947 877 2011 audiero
901 1947 1012 2034 citius,
1045 1948 1193 2013 scribam.
1206 1972 1228 2012 a

170 2033 260 2098 Vale.
306 2051 369 2097 v111
392 2031 469 2097 Idus
494 2033 605 2098 Sextil.

630 2173 730 2239 XXV.

337 2276 394 2330 Sor.
409 2279 551 2332 Brundisi
568 2278 625 2330 III
639 2277 714 2331 Non.
734 2278 828 2348 Qatnu
844 2297 869 2334 a.
886 2283 942 2334 707
961 2283 1030 2348 (47).

494 2381 622 2436 CICERO
642 2381 774 2437 ATTICO
795 2383 869 2438 SAL.

135 2490 149 2537 1
237 2471 343 2536 Facile
368 2472 532 2537 adsentior
555 2473 622 2536 tuis
645 2474 776 2559 litteris,
799 2473 917 2558 quibus
937 2475 1072 2559 exponis
1092 2475 1227 2559 pluri-n

169 2560 231 2623 bus
250 2559 358 2623 verbis
381 2561 508 2624 nullum
534 2567 673 2626 coaeture
691 2562 871 2647 consilium,
895 2585 958 2646 quo
979 2586 997 2627 a
1016 2567 1048 2627 te
1067 2566 1192 2648 possim

169 2648 282 2711 iuvari.
330 2646 519 2712 Consolatio
544 2653 628 2714 certe
650 2651 742 2714 nulla
765 2654 824 2735 est,
850 2673 932 2734 quac
955 2652 1062 2717 levare
1086 2654 1192 2736 possit

170 2736 314 2799 dolorem
336 2757 451 2800 meum.
490 2736 583 2801 Nihil
606 2742 656 2802 est
680 2739 765 2803 enim
784 2743 986 2804 contractum
1005 2761 1081 2804 casu
1101 2741 1192 2827 (nam

170 2823 203 2886 id
227 2827 311 2886 esset
334 2823 526 2912 ferendum),
549 2826 604 2890 scd
628 2827 736 2890 omnia
758 2827 892 2891 fecimus
913 2829 954 2892 iis
973 2829 1139 2893 erroribus
1160 2833 1191 2894 et

169 2911 308 2974 miseriis
337 2916 369 2976 et
393 2914 493 2976 animi
517 2918 549 2977 et
573 2915 732 2999 eorporis,
758 2915 876 2999 quibus
900 2916 1041 3000 proximi
1064 2919 1225 2982 utinama

168 2999 289 3063 mederi
322 2999 526 3065 maluissent!
569 3001 672 3077 Quam
705 3003 746 3067 ob
780 3025 863 3088 rem,
900 3005 1053 3089 quoniam
1085 3028 1191 3090 neque

169 3087 297 3151 consilii
328 3089 378 3152 tui
410 3110 514 3172 neque
542 3091 773 3154 consolationis
802 3092 992 3176 cuiusquam
1020 3115 1094 3177 spes
1123 3095 1191 3160 ulla

167 3175 250 3240 mihi
274 3177 465 3261 ostenditur,
487 3199 554 3241 nou
577 3199 729 3262 quaeram
751 3179 829 3244 haec
853 3203 871 3244 a
895 3185 928 3244 te
946 3182 1096 3266 postha03
1121 3187 1190 3247 tan-

168 3269 239 3328 tum
266 3264 378 3350 velim,
409 3287 450 3330 ne
477 3266 689 3352 intermittas,
722 3268 843 3332 scribas
875 3268 1002 3353 adme,
1036 3271 1189 3354 quicquid

168 3352 275 3415 veniet
297 3353 360 3416 tibi
383 3354 418 3416 in
440 3358 596 3438 mentem,
624 3375 697 3417 oum
717 3354 876 3441 habebis,
891 3358 943 3420 cui
966 3357 1032 3443 des,
1054 3363 1087 3422 et
1111 3360 1189 3423 dum
1201 3381 1223 3426 a

169 3440 238 3524 erit,
263 3439 303 3502 ad
326 3428 423 3523 qudm
446 3440 514 3526 des3
538 3441 625 3524 quod
646 3441 782 3526 longum
803 3465 870 3508 nou
893 3445 962 3509 erit.
