2586 3886
168 163 232 227 146
494 161 531 216 Μ.
552 161 658 215 TULLI
677 160 866 216 CICERONIS

165 305 332 390 provincia
353 326 414 370 nos
438 305 594 390 gerimus,
623 305 710 388 quod
732 306 774 368 ad
801 305 1033 369 abstinentiam
1056 305 1188 390 attinet,

165 397 203 457 ut
220 393 331 458 nullus
354 394 535 458 terruncius
566 394 749 457 insumatur
775 393 811 456 in
835 415 1037 477 quemquam.
1082 391 1122 456 Id
1144 394 1187 458 fit

166 482 264 546 etiam
278 485 311 546 et
329 481 512 566 legatorum
531 485 563 546 et
581 480 787 544 tribunorum
807 484 839 545 et
857 481 1094 564 praefectorum
1113 481 1187 544 dili-

166 570 289 654 gentia3
318 591 394 632 nam
425 590 535 634 omnes
564 569 699 632 mirifice
727 568 1032 653 συμφιλοὸοξοῦσιν
1060 569 1186 654 gloriae

164 679 261 723 meae.
303 656 405 740 Lepta
427 661 539 721 noster
561 656 716 720 mirificus
740 661 798 720 est.
840 655 902 721 Sed
924 679 1010 721 nunc
1032 679 1184 741 propero.
1221 684 1237 724 5

129 744 365 812 3Perscriba1n
389 745 429 808 ad
450 749 483 808 te
507 744 618 826 paucis
639 744 750 808 diebus
771 745 886 808 omnia.
933 743 1103 810 Cicerones
1125 767 1184 810 no-

166 837 251 898 stros
270 832 443 897 Deiotarus
464 833 560 916 filius,
584 832 640 916 qui
658 853 715 896 rex
731 832 771 896 ab
791 837 904 897 senatu
924 833 1104 916 appellatus
1123 839 1185 918 est,

166 944 274 986 secum
292 921 328 984 in
343 942 487 1005 regnum.
517 919 604 984 Dum
625 921 661 984 in
679 921 810 984 aestivis
828 943 889 985 nos
913 943 1066 1008 essemus,
1087 921 1185 986 illum

166 1009 275 1092 pueris
298 1009 406 1073 locum
429 1029 498 1072 esse
521 1007 736 1072 bellissimum
760 1009 917 1074 duximus

130 1115 147 1161 4
235 1095 359 1160 Sestius
383 1098 424 1160 ad
445 1117 497 1160 me
520 1096 662 1178 scripsit,
692 1118 774 1179 quae
803 1101 911 1161 tecum
940 1101 1025 1161 esset
1048 1098 1087 1162 de
1111 1120 1184 1162 mea
1204 1127 1238 1164 ro

166 1185 344 1254 domestica
367 1188 399 1248 et
422 1183 562 1248 maxima
585 1206 661 1248 cura
683 1183 825 1269 locutus,
854 1189 886 1249 et
910 1186 989 1270 quid
1011 1185 1074 1249 tibi
1098 1192 1185 1250 esset

166 1273 279 1336 visum.
326 1271 452 1337 Amabo
483 1275 530 1356 te,
559 1272 709 1337 incumbe
740 1272 776 1336 in
806 1295 875 1337 eam
904 1294 973 1337 rem
1003 1277 1036 1337 et
1064 1274 1105 1336 ad
1131 1296 1185 1338 me

131 1360 285 1446 ascribe,
315 1361 393 1444 quid
420 1363 453 1424 et
479 1360 597 1444 possit,
627 1363 659 1424 et
686 1364 723 1424 tu
751 1383 888 1425 censeas.
933 1360 1023 1425 Idem
1051 1361 1184 1444 scripsit

166 1447 378 1512 Hortensium
412 1449 450 1512 de
482 1448 685 1532 proroganda
719 1453 833 1512 nostra
864 1450 1030 1532 provincia
1063 1450 1185 1514 dixisse

165 1537 272 1601 nescio
302 1537 387 1620 quid
438 1536 521 1600 Mihi
548 1537 583 1600 in
611 1534 755 1600 Cumano
785 1537 1031 1623 diligentissime
1065 1559 1112 1621 se,
1145 1543 1185 1602 ut
1203 1565 1236 1605 15

167 1625 279 1708 annuix
298 1646 455 1710 essemus,
488 1623 693 1690 defensurum
720 1627 891 1708 receperat.
942 1623 978 1689 Si
1010 1625 1185 1710 quicquam

165 1735 217 1777 me
240 1735 343 1798 amas,
363 1713 450 1777 bunc
471 1711 578 1777 locum
601 1712 700 1776 muni.
746 1712 819 1777 Dici
842 1735 910 1777 non
931 1717 1053 1796 potest,
1085 1735 1185 1797 quam

167 1801 289 1866 invitus
313 1824 331 1865 a
350 1801 441 1865 vobis
465 1800 582 1883 absim;
606 1805 638 1863 et
662 1801 760 1864 simul
779 1801 862 1865 hanc
880 1800 1018 1886 gloriam
1036 1802 1184 1866 iustitiae

168 1893 200 1954 et
219 1888 433 1953 abstinentiae
450 1889 519 1952 fore
541 1888 763 1952 inlustriorem
783 1910 886 1972 spero,
911 1889 939 1953 si
958 1890 1022 1953 cito
1044 1890 1185 1954 decesse-

167 1978 282 2060 rimus,
310 1977 345 2039 id
372 1977 459 2060 quod
487 1974 657 2040 Scaevolae
684 1977 836 2061 contigit,
865 1977 921 2060 qui
950 1978 1038 2041 solos
1065 1999 1185 2042 novem
1203 2006 1236 2043 aa

169 2086 296 2129 menses
319 2063 417 2128 Asiae
439 2064 589 2146 praefuit.

133 2168 149 2215 e
234 2150 361 2234 Appius
384 2156 508 2235 noster,
536 2174 609 2216 cum
632 2173 683 2215 me
706 2152 878 2216 adventare
900 2153 1037 2235 videret,
1061 2153 1186 2236 protea

168 2242 223 2302 tus
246 2243 294 2303 est
317 2239 454 2303 Tarsum
476 2261 578 2324 usque
601 2238 766 2303 Laodicea.
802 2239 854 2303 Ibi
876 2241 984 2304 forum
1008 2241 1086 2326 agit,
1109 2263 1185 2305 cum

169 2347 229 2411 ego
254 2327 315 2390 sim
338 2328 373 2390 in
394 2327 567 2410 provincia.
605 2326 708 2402 Quam
731 2328 800 2392 eius
823 2328 976 2392 iniuriam
993 2350 1060 2392 non
1083 2329 1185 2394 insec-

168 2419 229 2478 tor.
276 2413 362 2479 Satis
385 2417 471 2479 enim
493 2416 596 2480 habeo
615 2416 739 2500 negotii
761 2416 797 2479 in
816 2417 965 2480 sanandis
984 2417 1186 2503 vulneribus,
1203 2445 1234 2484 25

170 2507 350 2586 quaesunt
378 2503 532 2587 imposita
561 2504 757 2588 provinciae3
790 2505 878 2588 quod
911 2505 950 2568 do
984 2526 1114 2588 operam
1146 2512 1186 2569 ut

108 2593 112 2600 ’
169 2591 285 2655 faciam
309 2612 405 2674 quam
428 2593 562 2656 minima
585 2614 658 2656 cum
680 2590 768 2656 illius
788 2593 991 2656 contumelia.
1036 2591 1100 2657 Sed
1121 2593 1186 2659 hoc

168 2679 272 2743 Bruto
295 2682 408 2742 nostro
432 2681 528 2743 velim
552 2680 647 2763 dicas,
670 2680 764 2743 illum
786 2680 900 2744 fecisse
922 2701 989 2744 non
1010 2681 1103 2765 belle,
1127 2683 1186 2765 qui

169 2768 309 2831 adventu
331 2788 417 2851 meo,
442 2789 538 2851 quam
560 2768 750 2853 longissime
773 2769 924 2854 potuerit,
948 2769 1138 2833 discesserit.

617 2942 738 3009 XVIII.
1202 2973 1233 3012 ao

168 3063 225 3118 Sar.
241 3064 273 3116 aa
290 3061 388 3117 castris
406 3063 445 3117 ad
464 3063 592 3132 Cybistra
607 3063 798 3132 Cappadociae
813 3065 864 3118 XI
874 3064 911 3119 K.
930 3065 985 3120 Oct.
1002 3083 1027 3120 a.
1045 3069 1099 3120 703
1115 3069 1186 3134 (51).

490 3185 619 3240 CICERO
638 3186 769 3241 ATTICO
791 3186 864 3241 SAL.

133 3311 148 3358 1
236 3292 339 3368 Quam
362 3293 476 3357 vellem
494 3293 617 3358 Romae
641 3317 735 3377 esses,
760 3296 788 3359 si
811 3297 894 3360 forte
917 3318 984 3360 non
1007 3298 1054 3360 es!
1092 3294 1188 3361 Nihil
1282 3357 1283 3388 ἢ

170 3382 256 3448 enim
279 3382 359 3446 certi
381 3381 579 3446 habebamus
601 3383 666 3446 nisi
694 3383 854 3466 accepisse
877 3405 937 3448 nos
961 3388 1034 3448 tuas
1057 3384 1187 3449 litteras

169 3494 195 3536 a.
221 3471 248 3535 d.
272 3488 349 3534 x1111
372 3469 443 3534 Kal.
465 3468 574 3535 Sextii
598 3470 697 3554 datas,
720 3471 755 3533 in
779 3472 896 3554 quibus
920 3472 1078 3555 seriptum
1102 3479 1188 3538 esset
1204 3502 1234 3542 aa
