2560 3880
185 170 252 235 516
546 168 584 222 Μ.
604 167 712 222 TULLI
731 166 921 222 CICERONIS

187 313 314 396 saepius
343 312 486 397 quidem,
514 314 552 374 ut
580 311 678 375 etiam
706 331 870 375 accusarer
893 308 933 374 ab
958 331 1011 394 eo,
1039 308 1127 392 quod
1147 331 1198 392 pa
1266 299 1267 324 ¹

185 423 258 465 rum
288 399 489 464 constantiae
517 420 594 463 suae
620 397 886 484 confiderem,et
913 395 956 462 M.
975 396 1198 460 Messallaeet

185 488 250 572 ipsi
268 487 379 552 Attico
404 488 496 573 dixit,
518 491 555 551 ut
579 487 649 550 sine
670 508 748 550 cura
770 489 886 571 essent,
904 489 1079 568 aperteque
1098 488 1198 549 osten·

187 577 284 640 debat
306 597 342 640 se
363 574 583 660 praesentium
605 575 730 638 animos
754 571 839 659 (erat
861 574 947 637 enim
965 573 1143 658 popularis,
1163 577 1197 636 ut

185 662 297 751 noras)
326 663 486 728 offendere
514 663 615 747 nolle3
647 684 720 726 cum
748 665 856 726 autem
883 682 972 725 mare
998 661 1228 746 transissent,

152 756 374 817 ecuraturum
397 773 440 836 se,
462 751 532 816 ut
522 772 558 814 ιιι
580 715 680 816 alium
704 769 818 834 agrum
839 749 1078 813 deducerentur
1117 748 1199 812 Haeo

187 840 245 904 illo
268 840 350 906 vivo.
395 837 508 903 Post'
499 839 668 903 mteritum
691 842 799 902 autem
822 835 977 921 Caesaris,
1000 840 1038 902 ut
1061 837 1199 920 primum
1268 894 1269 926 ,

188 950 227 992 ex
254 931 346 992 senat
346 949 385 991 us
413 926 561 991 consulto
592 948 704 991 causas
727 926 872 990 consules
896 946 1090 1010 cognoscere
1112 925 1200 989 insti-

188 1018 331 1100 tuenmt,
359 1016 447 1101 haec,
470 1036 552 1098 quae
575 1036 673 1098 supra
696 1015 820 1098 scripsi,
843 1014 883 1078 ad
906 1035 961 1078 eos
985 1013 1093 1078 delata
1118 1017 1199 1077 sunt

187 1103 411 1168 Probaverunt
433 1124 562 1166 causam
586 1103 654 1166 sine
677 1102 745 1166 ulla
768 1102 969 1166 dubitatione
993 1122 1092 1184 seque
1112 1101 1154 1164 ad
1170 1105 1230 1166 teu

187 1191 314 1255 litteras
337 1190 470 1254 daturos
494 1211 563 1254 esse
582 1190 740 1254 dixenmt.
777 1190 851 1275 Ego
870 1193 986 1274 autem,
1009 1190 1056 1253 mi
1076 1189 1199 1273 Plance,

189 1279 251 1343 etsi
273 1299 340 1342 non
364 1278 562 1364 dubitabam,
584 1278 663 1361 quin
685 1282 718 1342 et
742 1281 871 1342 senatus
895 1277 1082 1342 consultum
1100 1281 1135 1342 et
1152 1277 1200 1341 lex

189 1370 222 1429 et
248 1366 417 1430 consulum
445 1366 607 1430 decretum
635 1387 672 1430 ac
698 1366 826 1430 litterae
853 1365 938 1449 apud
964 1368 997 1430 te
1025 1366 1200 1449 plurimum
1269 1425 1270 1430 ,

189 1455 392 1519 auctoritatis
419 1454 590 1539 haberent,
616 1456 713 1537 teque
740 1454 844 1537 ipsius
870 1452 975 1517 Attici
1001 1475 1100 1518 causa
1123 1454 1200 1518 velle

188 1542 422 1627 intellexeram,
449 1546 560 1607 tamen
585 1542 647 1605 hoc
674 1563 733 1625 pro
761 1542 985 1606 coniunctione
1012 1544 1045 1605 et
1068 1542 1231 1608 beneven

188 1630 288 1694 lentia
314 1634 428 1694 nostra
450 1629 531 1693 mihi
555 1630 692 1715 sumpsi,
719 1633 757 1694 ut
779 1630 813 1694 id
836 1652 854 1693 a
876 1633 910 1694 te
931 1634 1090 1716 peterem,
1118 1629 1202 1714 quod

188 1721 246 1782 tua
278 1718 452 1802 singularis
484 1717 669 1782 humanitas
702 1718 949 1801 suavissimique
980 1739 1088 1782 mores
1122 1740 1143 1782 a
1172 1722 1202 1781 tc

190 1810 298 1869 essent
319 1805 533 1888 impetraturi.
570 1804 609 1869 Id
631 1809 740 1870 autem
759 1810 818 1891 est,
840 1808 878 1869 ut
895 1806 966 1891 hoc,
989 1805 1077 1888 quod
1095 1810 1131 1870 te
1149 1810 1203 1870 tua

190 1898 304 1977 sponte
326 1894 486 1959 facturum
510 1915 578 1958 esse
602 1898 689 1958 certo
714 1893 793 1978 scio,
821 1894 955 1958 honoris
977 1894 1084 1957 nostri
1108 1915 1203 1958 causa

155 1999 169 2045 ι
188 1981 336 2065 libenter,
358 1981 493 2066 prolixe,
515 1981 662 2045 celeriter
684 1983 791 2046 facias.
828 1981 913 2045 Mihi
934 2003 1029 2045 nemo
1053 1985 1105 2046 est
1129 1982 1233 2046 ami-u

189 2069 256 2133 cior
287 2091 346 2134 nec
377 2069 547 2134 iucundior
577 2091 636 2133 nco
668 2071 771 2135 carior
803 2068 924 2134 Attico
974 2067 1076 2133 Cuius
1109 2074 1203 2134 antea

188 2179 239 2221 res
265 2157 371 2221 solum
393 2157 563 2222 familiaris
587 2158 743 2242 agebatur
765 2179 865 2241 eaque
888 2177 1018 2308 magna,
1044 2178 1134 2222 nunc
1158 2180 1203 2222 ac-

189 2246 285 2310 cessit
304 2246 401 2309 etiam
420 2245 628 2328 existimatio,
641 2249 680 2309 ut
680 2246 788 2346 ,quod
806 2249 957 2309 consecut
958 2266 997 2309 us
1015 2248 1066 2309 est
1085 2267 1204 2332 magna

189 2337 221 2396 st
247 2333 407 2397 industria
434 2337 467 2396 et
494 2333 601 2484 gratia
627 2337 660 2396 et
687 2335 761 2398 vivo
785 2331 920 2398 Caesare
944 2337 976 2397 et
998 2337 1147 2419 mortuo,
1174 2334 1203 2398 id

189 2423 221 2484 te
245 2421 415 2484 adiuvante
439 2421 506 2485 obt
482 2425 592 2486 ttmea.
634 2420 775 2496 Quod
750 2443 777 2486 ει
801 2444 819 2486 a
841 2425 876 2485 te
898 2421 961 2485 erit
983 2421 1233 2506 impetratumu

190 2508 235 2572 sio
263 2508 361 2571 velim
390 2509 567 2595 existimes,
595 2530 647 2572 me
677 2509 714 2574 de
737 2514 794 2573 tua
816 2508 1014 2574 liberalitate
980 2509 1083 2573 tite
1106 2511 1204 2574 inter-

188 2599 280 2679 prete
262 2599 401 2682 a,turum
428 2600 466 2659 ut
488 2600 545 2660 tuo
570 2617 695 2661 summo
720 2597 874 2661 beneficio
897 2619 950 2661 me
973 2598 1136 2662 adfectum
1159 2599 1205 2662 iu·

189 2683 298 2746 dicem.
343 2683 431 2768 Ego,
463 2705 545 2767 quae
572 2687 605 2747 te
633 2685 715 2749 velle
743 2706 888 2768 quaeque
915 2685 954 2748 ad
981 2689 1015 2750 te
1041 2687 1205 2769 pertinere

189 2771 274 2835 arbit
260 2770 381 2922 trlabor,
405 2772 548 2836 studiose
571 2771 805 2858 diligenterque
827 2773 956 2839 curabo.
993 2772 1044 2838 Da
1063 2795 1204 2860 operam,

188 2862 354 2924 utraeas

681 3035 717 3100 B.

497 3155 652 3224 Corporale
667 3163 731 3226 post
748 3161 841 3226 ep.16
858 3157 894 3213 A.

364 3276 493 3333 CICERO
512 3277 657 3332 PLANCO
676 3279 806 3335 PRAET.
820 3279 936 3335 DESIG.
953 3279 1028 3336 SAL.

154 3397 170 3444 8
255 3383 324 3446 Iam
347 3389 403 3448 ant
405 3407 442 3450 ca
464 3386 565 3470 petivi
589 3387 646 3450 abs
665 3389 698 3450 te
715 3408 773 3470 per
790 3388 927 3475 litteras,
949 3393 997 3475 ut,
1019 3411 1092 3454 oum
1110 3411 1206 3456 causa

190 3468 255 3534 But
241 3470 437 3537 throtiorum
469 3473 621 3557 probata
634 3495 654 3536 a
681 3475 867 3540 consulibus
895 3480 994 3563 esset,
1026 3477 1237 3561 quibusu
1173 3483 1237 3543 eta
