2578 3886
164 183 231 251 364
488 185 525 239 11.
546 185 654 240 sunu
673 185 864 240 crcnnorus

617 416 736 482 XVIII.

374 537 431 595 Ser.
446 538 569 594 Actum
591 539 619 592 V
633 539 678 593 Id.
693 537 781 594 Mart.
797 557 822 594 a.
840 543 895 594 709
914 543 984 607 (45).

468 661 619 718 CICERO
636 659 784 716 ATTICO
802 660 886 715 SAL.

130 787 165 835 1·
231 769 319 835 Dum
350 768 587 833 recordationes
616 769 721 854 fugio,
750 789 833 852 quac
857 768 951 852 quasi
974 789 1089 831 morsu
1113 790 1194 851 quo-

165 859 239 922 dam
271 857 417 921 dolorem
449 857 608 942 efficiunt,
642 857 769 941 refugio
803 856 842 920 ad
875 859 909 920 te
942 855 1191 920 admonendum.
1217 880 1228 920 1

165 945 258 1022 Quod
289 945 388 1010 velim
413 944 498 1008 mihi
525 945 690 1031 ignoscas,
722 944 918 1009 cuicuimodi
946 948 1003 1008 est.
1055 943 1191 1008 Etenim

165 1034 269 1098 habeo
299 1054 365 1096 non
392 1033 501 1096 nullos
528 1032 648 1118 exiis,
678 1054 760 1116 quos
783 1054 870 1096 nunc
893 1032 1006 1096 lectito
1031 1036 1191 1117 auctores,

163 1123 223 1206 qui
255 1121 364 1184 dicant
395 1121 466 1184 fieri
498 1120 532 1184 id
565 1125 728 1206 oportere,
759 1120 846 1204 quod
875 1142 970 1204 saepe
997 1124 1107 1184 tecum
1139 1121 1190 1204 egi
1266 1199 1267 1202 Ἴ

163 1214 199 1273 01
227 1208 315 1292 quod
343 1231 362 1272 a
389 1212 422 1273 te
450 1209 624 1293 approbari
653 1209 743 1295 volo,
775 1208 814 1272 de
841 1209 917 1272 fano
947 1208 1006 1272 illo
1030 1209 1118 1292 dico,
1152 1209 1189 1272 de
1266 1215 1267 1276 3

165 1319 231 1381 quo
254 1301 392 1382 tantum,
414 1301 574 1380 quantum
597 1318 649 1361 me
673 1319 772 1381 amas,
795 1297 893 1361 velim
917 1297 1050 1380 cogites,
1088 1297 1188 1380 Equi·
1202 1323 1224 1360 u
1267 1334 1268 1337 =

166 1385 239 1448 dem
260 1406 365 1468 neque
389 1384 427 1448 dc
446 1405 562 1470 genere
581 1384 696 1449 dubito
717 1383 838 1472 (placet
856 1385 943 1448 enim
962 1385 1045 1448 mihi
1064 1381 1187 1470 Cluati)
1267 1378 1268 1387 ¹

165 1495 269 1557 neque
297 1473 336 1536 de
364 1495 400 1536 re
427 1470 604 1558 (statutum
632 1477 682 1536 est
706 1471 822 1559 enim),
850 1473 984 1537 deloco
1007 1495 1076 1536 non
1096 1493 1188 1536 num-

163 1584 272 1645 quam.
313 1560 421 1625 Velim
444 1561 548 1645 igitur
570 1561 703 1644 cogites.
745 1561 827 1646 Ego,
846 1565 1009 1644 quantum
1033 1561 1086 1625 his
1109 1565 1188 1624 tem-

163 1650 301 1733 poribus
338 1653 407 1713 tam
446 1648 582 1713 eruditis
615 1649 686 1713 fieri
718 1650 877 1733 potuerit,
914 1650 1063 1733 protecto
1098 1649 1187 1713 illam

161 1737 359 1802 consecrabo
380 1737 469 1800 omni
487 1759 603 1822 genere
625 1737 901 1801 monimentorum
920 1738 961 1801 ab
981 1737 1127 1801 omnium
1140 1738 1221 1802 111-11

166 1827 270 1911 geniis
299 1829 503 1909 sumptorum
526 1829 559 1889 et
583 1823 779 1889 Graecorum
803 1829 835 1889 et
857 1825 1059 1890 Latinorum.
1100 1824 1186 1901 Quae

165 1936 217 1978 res
250 1914 391 1978 forsitan
423 1913 467 1977 sit
499 1913 689 1977 refricatura
716 1914 834 1977 vulnus
862 1935 978 1978 meum.
1033 1913 1097 1978 Sed
1122 1915 1185 1977 iam

166 2003 260 2085 quasi
286 2006 365 2066 voto
389 2001 529 2085 quodam
552 2005 584 2064 et
608 2002 769 2084 promisso
792 2023 845 2066 me
868 2002 972 2066 teneri
995 2006 1092 2088 puto,
1119 2002 1185 2066 lon·

166 2110 308 2173 gumque
330 2089 411 2153 illud
434 2093 571 2172 tempus,
602 2110 676 2152 cum
697 2111 765 2153 11011
788 2111 853 2175 010,
875 2091 981 2174 magis
1005 2111 1057 2154 me
1080 2093 1185 2154 movet

166 2199 265 2261 quam
286 2175 349 2240 boc
372 2178 535 2262 exiguum,
558 2176 646 2260 quod
667 2177 750 2241 mihi
768 2181 878 2242 10111011
895 2179 1035 2242 nimium
1053 2178 1185 2262 longum
1197 2203 1219 2242 a

166 2264 302 2328 videtur.
347 2263 461 2328 Habeo
491 2266 576 2328 0111111
604 2265 689 2328 nihil
712 2267 882 2350 temptatis
906 2267 1004 2330 rebus
1029 2265 1186 2350 omnibus,

166 2354 202 2416 in
234 2372 299 2436 quo
332 2352 540 2436 acquiescam.
586 2351 686 2437 Nam,
715 2353 792 2418 dum
819 2353 901 2417 illud
928 2355 1124 2441 tractabam,
1149 2354 1186 2416 de

168 2462 232 2524 quo
261 2440 307 2512 ad
328 2443 361 2503 te
386 2445 460 2505 ante
484 2441 614 2526 scripsi,
643 2442 738 2524 quasi
761 2442 910 2506 fovebam
934 2442 1061 2507 dolores
1085 2464 1185 2525 meos,

166 2549 253 2592 nunc
282 2519 392 2592 dmnia
418 2551 536 2612 respuo
564 2550 623 2593 nec
652 2530 825 2613 quicquam
851 2530 956 2594 habeo
985 2530 1185 2594 tolerabilius

159 2638 266 2699 ‘quam
290 2616 511 2703 solitudinem3
535 2638 642 2702 quam,
666 2617 752 2700 quod
776 2640 864 2682 eram
886 2618 1021 2704 veritus,
1042 2640 1110 2682 non
1132 2618 1217 2682 oba

165 2704 313 2768 turbavit
331 2703 510 2788 Philippus.
548 2703 643 2792 Nam,
666 2709 704 2769 ut
726 2705 797 2769 heri
815 2728 867 2770 me
887 2706 1053 2791 salutavit,
1075 2707 1184 2770 statim

167 2791 307 2855 Romam
330 2793 493 2875 profectus
517 2798 574 2857 est.

131 2897 148 2944 a
235 2879 440 2965 Epistulam,
474 2902 572 2964 quam
605 2881 645 2945 ad
672 2881 824 2966 Brutum,
857 2887 895 2946 ut
922 2881 987 2945 tibi
1014 2883 1187 2968 placuerat,

168 2969 295 3052 scripsi,
328 2968 403 3032 misi
435 2968 475 3031 ad
507 2973 547 3032 te.
599 2967 736 3034 (iurabis
765 2992 841 3034 cum
873 2974 931 3033 tua
958 2971 1186 3053 perferendam.

167 3055 249 3120 Eius
274 3059 382 3119 tamen
405 3056 481 3119 misi
499 3055 540 3119 ad
562 3060 595 3120 te
618 3058 811 3144 exemplum,
833 3061 881 3144 ut,
905 3059 933 3122 si
955 3058 1064 3122 minus
1086 3059 1219 3142 places

167 3147 226 3228 ret,
248 3166 289 3208 110
312 3144 468 3208 mitteres.

131 3248 147 3295 3
235 3231 423 3297 Domestica
455 3231 543 3315 quod
574 3233 621 3296 ais
649 3234 762 3298 ordine
790 3234 1025 3321 administrari,
1058 3234 1187 3320 scribes,

168 3342 250 3404 quae
274 3321 340 3384 sint
363 3342 408 3385 ea.
446 3318 609 3395 Quaedam
633 3321 719 3384 enim
740 3327 899 3406 exspecto.
937 3321 1090 3387 Cocceius
1116 3323 1186 3388 vide

164 3430 207 3471 ne
234 3409 418 3474 frustretur.
464 3407 563 3493 Nam,
596 3408 679 3472 Libo
708 3409 795 3493 quod
825 3411 1010 3496 pollicetur,
1040 3411 1185 3475 11111100

168 3496 296 3582 scribit,
326 3519 393 3561 non
423 3498 584 3562 incertum
611 3501 699 3580 puto.
745 3497 795 3561 De
827 3503 914 3562 sorte
944 3521 1016 3563 mea
1043 3497 1184 3583 Sulpicio
1197 3522 1219 3564 a
