2616 3884
172 153 237 218 246
492 153 529 208 M.
549 152 655 207 TULLI
674 152 863 208 CICERONIS

173 318 242 362 esse
265 295 435 362 observare
459 294 626 361 Caesarem
649 299 690 379 et,
714 297 742 360 si
766 295 940 361 secundum
962 317 1049 360 mare
1068 295 1110 360 ad
1131 317 1184 359 me

172 385 220 448 ire
242 385 410 467 coepisset,
433 385 603 449 confestim
625 385 659 448 in
683 383 849 449 Samnium
867 385 907 448 ad
929 407 980 448 me
1002 388 1185 469 venturum,

173 473 224 536 sin
247 477 354 536 autem
377 472 432 536 ille
455 473 574 537 circum
596 473 695 537 istaec
717 472 787 536 loca
805 477 1067 558 commoraretur,
1090 476 1121 537 te
1146 473 1185 558 ei,

173 560 201 625 si
224 561 357 644 propius
380 561 574 644 accessisset,
596 561 746 625 resistere
768 561 857 625 velle.

239 647 284 712 Te
316 649 422 712 animo
454 669 571 733 magno
602 652 634 712 et
665 648 745 713 forti
774 649 871 713 istam
900 670 968 713 rem
997 669 1092 734 agere
1119 649 1184 712 exi-
1213 677 1225 717 5

173 737 279 819 stimo,
303 736 359 800 sed
383 735 569 820 diligentius
592 737 686 800 nobis
705 741 754 801 est
772 737 953 823 videndum,
975 759 1016 800 ne
1035 737 1185 800 distracti

172 844 265 908 pares
289 845 358 887 esse
381 823 562 888 adversario
584 845 651 888 non
673 825 847 908 possimus,
877 847 950 888 cum
972 825 1027 889 ille
1049 846 1184 909 magnas

173 913 281 997 copias
311 910 429 975 habeat
459 915 491 976 et
520 911 657 976 maiores
686 913 777 977 brevi
806 911 977 978 habiturus
1011 912 1061 977 sit.
1108 911 1186 976 Non

173 1001 259 1064 enim
281 1021 339 1083 pro
363 1004 420 1064 tua
442 999 613 1084 prudentia
635 999 731 1064 debes
754 1000 835 1065 illud
858 1001 964 1065 solum
986 1000 1185 1065 animadver-

172 1092 254 1172 tere,
286 1090 366 1171 quot
399 1087 433 1151 in
464 1088 645 1172 praesentia
677 1087 825 1152 cohortes
857 1093 970 1152 contra
1000 1092 1033 1153 te
1064 1087 1185 1152 habeat
1199 1118 1227 1158 10

172 1173 303 1259 Caesar,
332 1174 388 1239 sed
415 1179 551 1260 quantas
577 1176 669 1241 brevi
695 1181 840 1260 tempore
865 1177 1010 1261 equitum
1037 1181 1070 1240 et
1097 1177 1186 1261 pedi·

172 1266 245 1327 tum
267 1263 376 1347 copias
400 1268 621 1329 contracturus
646 1265 696 1329 sit.
743 1263 803 1329 cui
826 1264 874 1328 rei
896 1265 1082 1329 testimonio
1107 1270 1184 1330 sunt

147 1416 151 1428 ,
171 1349 312 1436 litterae,
336 1373 415 1436 quas
439 1351 614 1416 Bussenius
638 1353 678 1415 ad
700 1374 750 1416 me
772 1353 876 1438 misit,
903 1352 938 1416 in
966 1353 1084 1436 quibus
1108 1354 1185 1418 scri-

171 1438 231 1524 bit,
254 1439 287 1502 id
310 1439 396 1523 quod
419 1439 458 1504 ab
482 1440 555 1504 aliis
578 1462 706 1524 quoque
728 1440 809 1504 mihi
832 1440 998 1526 scribitur,
1024 1441 1185 1525 praesidia

172 1525 355 1613 Curionem,
378 1548 459 1612 quae
481 1528 515 1592 in
533 1527 670 1594 Umbria
689 1533 721 1593 et
739 1529 851 1593 Tuscis
872 1532 972 1615 erant,
995 1528 1185 1594 contrahere
1198 1558 1225 1598 15

172 1619 205 1680 et
228 1616 268 1680 ad
291 1614 458 1680 Caesarem
480 1616 544 1680 iter
564 1616 676 1681 facere.
722 1615 809 1692 Quae
837 1617 865 1681 si
888 1616 997 1700 copiae
1024 1617 1059 1681 in
1081 1640 1184 1682 unum

171 1703 278 1768 locum
309 1704 429 1768 fuerint
461 1708 601 1788 coactae,
632 1708 670 1768 ut
700 1727 775 1788 pars
807 1705 966 1770 exercitus
999 1705 1039 1770 ad
1061 1704 1182 1770 Albam

170 1791 331 1878 mittatur,
353 1814 427 1876 pars
451 1791 492 1856 ad
513 1796 546 1856 te
569 1792 706 1877 accedat,
729 1798 766 1857 ut
783 1814 851 1856 non
868 1796 1001 1878 pugnet,
1024 1793 1080 1858 sed
1101 1794 1182 1858 locis

172 1879 240 1945 suis
270 1883 441 1964 repugnet,
470 1877 618 1944 haerebis
647 1901 751 1963 neque
781 1881 869 1944 solus
898 1903 971 1946 cum
998 1881 1061 1946 ista
1089 1883 1183 1966 copia

171 1971 296 2032 1111111
327 1966 568 2032 multitudinem
599 1969 756 2033 sustinere
783 1968 915 2054 poteris,
942 1974 980 2034 ut
1007 1970 1183 2034 frumenta·
1196 1998 1224 2036 ao

171 2058 326 2119 tumeas.

137 2161 152 2208 2
239 2140 341 2216 Quam
369 2144 411 2208 ob
438 2165 506 2208 rem
533 2146 567 2208 te
593 2163 711 2228 magno
739 2164 835 2228 opere
861 2143 988 2229 hortor,
1020 2147 1057 2207 ut
1085 2166 1184 2228 quam

172 2229 312 2313 primum
342 2252 414 2296 cum
446 2231 595 2296 omnibus
628 2231 729 2315 copiis
761 2230 824 2297 hoc
854 2232 972 2297 venias.
1025 2230 1183 2298 Consules

172 2318 410 2383 constituerunt
445 2319 529 2383 idem
564 2320 676 2386 faeere.
725 2319 797 2404 Ego
830 2319 872 2384 M.
902 2320 1043 2384 Tuscilio
1077 2321 1117 2384 ad
1149 2325 1184 2386 11

171 2405 322 2470 mandata
341 2406 411 2470 dedi
433 2407 666 2491 providendum
689 2430 767 2494 1111,
789 2430 828 2472 11
852 2409 932 2472 duae
950 2408 1092 2494 legiones
1112 2408 1183 2474 sine
1198 2439 1224 2478 11

171 2493 349 2558 Picentinis
372 2493 559 2560 cohortibus
582 2495 616 2559 in
639 2500 844 2580 conspectum
868 2494 1013 2561 Caesaris
1037 2498 1183 2561 commit·

171 2585 324 2646 terentur.
362 2581 463 2657 Quam
486 2583 528 2647 ob
551 2606 620 2648 rem
642 2583 745 2648 nolito
765 2585 966 2669 commoveri,
989 2585 1017 2648 si
1041 2585 1182 2650 audieris

171 2691 223 2734 111
246 2669 385 2755 regredi,
412 2671 440 2734 si
466 2671 551 2736 forte
574 2669 692 2736 Caesar
719 2671 759 2735 ad
785 2693 836 2735 me
859 2673 978 2757 veniet3
1007 2673 1183 2738 cavendum

172 2758 258 2822 enim
280 2762 360 2841 puto
384 2780 466 2844 esse,
492 2780 533 2823 11
560 2760 742 2843 implicatus
769 2758 925 2824 haeream.
970 2758 1056 2824 Nam
1077 2782 1183 2845 neque

173 2849 279 2910 castra
301 2850 433 2929 propter
456 2847 531 2910 anni
553 2851 680 2931 tempus
710 2852 743 2912 et
765 2847 908 2912 militum
930 2848 1054 2912 animos
1077 2849 1182 2913 facere
1197 2878 1224 2917 10

171 2955 318 3019 possum,
343 2955 447 3018 neque
470 2956 509 2998 111
532 2935 680 3000 omnibus
709 2936 834 3020 oppidis
862 2934 1049 3001 contrahere
1072 2937 1183 3020 copias

173 3021 315 3107 expedit,
345 3043 386 3085 ne
413 3027 575 3106 receptum
606 3024 760 3088 amittam.
805 3022 920 3107 Itaque
950 3045 1016 3088 non
1043 3024 1182 3108 amplius

138 3127 251 3176 3111111
286 3109 435 3174 cohortes
471 3109 638 3175 Luceriam
674 3112 772 3196 oo'e'gi.
827 3111 983 3177 Consules
1023 3113 1183 3195 praesidia

174 3197 281 3262 omnia
304 3197 469 3262 deducturi
493 3202 568 3262 sunt
591 3203 646 3263 aut
669 3199 704 3263 in
727 3197 871 3264 Siciliam
893 3200 980 3265 ituri.
1016 3198 1102 3264 Nam
1125 3205 1183 3266 aut

173 3285 349 3351 exercitum
366 3286 495 3350 firmum
516 3284 633 3350 habere
652 3291 789 3372 oportet,
812 3310 875 3371 quo
899 3289 1094 3352 confidamus
1113 3311 1183 3372 per·
1197 3316 1223 3357 11

172 3396 320 3458 rumpere
342 3395 401 3438 nos
424 3394 532 3457 posse,
560 3378 616 3438 aut
643 3375 790 3458 regiones
819 3376 887 3439 eius
916 3377 1003 3439 modi
1026 3375 1183 3461 obtinere,

174 3485 191 3526 e
219 3463 337 3546 quibus
370 3482 599 3547 repugnemus3
630 3461 665 3525 id
696 3462 782 3544 quod
810 3467 961 3527 neutrum
991 3463 1087 3527 nobis
1119 3462 1184 3529 hoc
