<?xml version="1.0" encoding="UTF-8"?>
<!DOCTYPE html PUBLIC "-//W3C//DTD XHTML 1.0 Transitional//EN"
    "http://www.w3.org/TR/xhtml1/DTD/xhtml1-transitional.dtd">
<html xmlns="http://www.w3.org/1999/xhtml" xml:lang="en" lang="en">
 <head>
  <title>
</title>
<meta http-equiv="Content-Type" content="text/html;charset=utf-8" />
  <meta name='ocr-system' content='tesseract 3.04.00' />
  <meta name='ocr-capabilities' content='ocr_page ocr_carea ocr_par ocr_line ocrx_word'/>
</head>
<body>
  <div class='ocr_page' id='page_1' title='image "./scriptaquaemans00mullgoog_0600.png"; bbox 0 0 2564 3880; ppageno 0'>
   <div class='ocr_carea' id='block_1_1' title="bbox 276 173 1132 240">
    <p class='ocr_par' dir='ltr' id='par_1_1' title="bbox 276 173 1132 240">
     <span class='ocr_line' id='line_1_1' title="bbox 276 173 1132 240; baseline 0.016 -14"><span class='ocrx_word' id='word_1_1' title='bbox 276 173 535 228; x_wconf 82' lang='lat' dir='ltr'>EPISTULARUM</span> <span class='ocrx_word' id='word_1_2' title='bbox 554 176 604 228; x_wconf 91' lang='lat' dir='ltr'>AD</span> <span class='ocrx_word' id='word_1_3' title='bbox 623 174 787 231; x_wconf 85' lang='lat' dir='ltr'>ATTICUM</span> <span class='ocrx_word' id='word_1_4' title='bbox 805 177 870 230; x_wconf 89' lang='lat' dir='ltr'>XIV</span> <span class='ocrx_word' id='word_1_5' title='bbox 889 181 967 230; x_wconf 84' lang='grc'>3-6.</span> <span class='ocrx_word' id='word_1_6' title='bbox 1067 177 1132 240; x_wconf 78' lang='grc'>437</span> 
     </span>
    </p>
   </div>
   <div class='ocr_carea' id='block_1_2' title="bbox 603 405 642 471">
    <p class='ocr_par' dir='ltr' id='par_1_2' title="bbox 603 405 642 471">
     <span class='ocr_line' id='line_1_2' title="bbox 603 405 642 471; baseline 0.026 -1"><span class='ocrx_word' id='word_1_7' title='bbox 603 405 642 471; x_wconf 88' lang='lat' dir='ltr'>V.</span> 
     </span>
    </p>
   </div>
   <div class='ocr_carea' id='block_1_3' title="bbox 321 525 928 688">
    <p class='ocr_par' dir='ltr' id='par_1_3' title="bbox 321 525 928 688">
     <span class='ocr_line' id='line_1_3' title="bbox 321 525 928 597; baseline 0 -15"><span class='ocrx_word' id='word_1_8' title='bbox 321 525 377 582; x_wconf 80' lang='lat' dir='ltr'>Ser.</span> <span class='ocrx_word' id='word_1_9' title='bbox 393 528 513 582; x_wconf 65' lang='lat' dir='ltr'>Amarae</span> <span class='ocrx_word' id='word_1_10' title='bbox 529 529 589 582; x_wconf 72' lang='grc' dir='ltr'><em>,ΙΙΙ</em></span> <span class='ocrx_word' id='word_1_11' title='bbox 601 528 646 583; x_wconf 81' lang='lat' dir='ltr'>Id.</span> <span class='ocrx_word' id='word_1_12' title='bbox 661 527 731 597; x_wconf 80' lang='lat' dir='ltr'>Apr.</span> <span class='ocrx_word' id='word_1_13' title='bbox 746 546 772 582; x_wconf 85' lang='lat' dir='ltr'>a.</span> <span class='ocrx_word' id='word_1_14' title='bbox 788 531 928 597; x_wconf 74' lang='lat'><strong><em>⁷10(44).</em></strong></span> 
     </span>
     <span class='ocr_line' id='line_1_4' title="bbox 436 630 815 688; baseline 0.008 -3"><span class='ocrx_word' id='word_1_15' title='bbox 436 630 565 687; x_wconf 77' lang='lat' dir='ltr'>CICERO</span> <span class='ocrx_word' id='word_1_16' title='bbox 584 631 716 688; x_wconf 78' lang='lat' dir='ltr'><strong>ATTICO</strong></span> <span class='ocrx_word' id='word_1_17' title='bbox 736 632 762 688; x_wconf 82' lang='lat' dir='ltr'>S.</span> <span class='ocrx_word' id='word_1_18' title='bbox 782 634 815 688; x_wconf 91' lang='lat' dir='ltr'>D.</span> 
     </span>
    </p>
   </div>
   <div class='ocr_carea' id='block_1_4' title="bbox 70 756 1171 2340">
    <p class='ocr_par' dir='ltr' id='par_1_4' title="bbox 70 756 1170 1545">
     <span class='ocr_line' id='line_1_5' title="bbox 182 756 1170 844; baseline 0.001 -22"><span class='ocrx_word' id='word_1_19' title='bbox 182 756 283 841; x_wconf 82' lang='lat' dir='ltr'>Spero</span> <span class='ocrx_word' id='word_1_20' title='bbox 307 757 369 822; x_wconf 90' lang='lat' dir='ltr'>tibi</span> <span class='ocrx_word' id='word_1_21' title='bbox 391 757 456 822; x_wconf 91' lang='lat' dir='ltr'>iam</span> <span class='ocrx_word' id='word_1_22' title='bbox 479 779 562 842; x_wconf 90' lang='lat' dir='ltr'>esse,</span> <span class='ocrx_word' id='word_1_23' title='bbox 585 761 623 822; x_wconf 90' lang='lat' dir='ltr'>ut</span> <span class='ocrx_word' id='word_1_24' title='bbox 645 758 805 844; x_wconf 79' lang='lat' dir='ltr'>volumus,</span> <span class='ocrx_word' id='word_1_25' title='bbox 829 758 982 842; x_wconf 91' lang='lat' dir='ltr'>quoniam</span> <span class='ocrx_word' id='word_1_26' title='bbox 1005 759 1136 842; x_wconf 91' lang='lat' dir='ltr'>quidem</span> <span class='ocrx_word' id='word_1_27' title='bbox 1155 775 1170 823; x_wconf 93' lang='lat'>1</span> 
     </span>
     <span class='ocr_line' id='line_1_6' title="bbox 83 846 1137 933; baseline -0.003 -21"><span class='ocrx_word' id='word_1_28' title='bbox 83 847 286 931; x_wconf 67' lang='grc' dir='ltr'><strong><em>σήσίτησας,</em></strong></span> <span class='ocrx_word' id='word_1_29' title='bbox 318 867 417 930; x_wconf 88' lang='lat' dir='ltr'>quom</span> <span class='ocrx_word' id='word_1_30' title='bbox 446 846 562 910; x_wconf 78' lang='lat' dir='ltr'>leviter</span> <span class='ocrx_word' id='word_1_31' title='bbox 593 850 775 911; x_wconf 81' lang='lat' dir='ltr'>commotus</span> <span class='ocrx_word' id='word_1_32' title='bbox 808 867 909 933; x_wconf 69' lang='lat' dir='ltr'>esses,</span> <span class='ocrx_word' id='word_1_33' title='bbox 939 847 994 911; x_wconf 88' lang='lat' dir='ltr'>sed</span> <span class='ocrx_word' id='word_1_34' title='bbox 1025 851 1137 911; x_wconf 87' lang='lat' dir='ltr'>tamen</span> 
     </span>
     <span class='ocr_line' id='line_1_7' title="bbox 112 931 1135 1020; baseline -0.001 -21"><span class='ocrx_word' id='word_1_35' title='bbox 112 935 212 1000; x_wconf 83' lang='lat' dir='ltr'>velim</span> <span class='ocrx_word' id='word_1_36' title='bbox 226 935 316 1020; x_wconf 85' lang='lat' dir='ltr'>seire,</span> <span class='ocrx_word' id='word_1_37' title='bbox 339 934 417 1017; x_wconf 91' lang='lat' dir='ltr'>quid</span> <span class='ocrx_word' id='word_1_38' title='bbox 435 955 521 1018; x_wconf 83' lang='lat' dir='ltr'>agas.</span> <span class='ocrx_word' id='word_1_39' title='bbox 568 931 669 1019; x_wconf 83' lang='lat' dir='ltr'>Signa</span> <span class='ocrx_word' id='word_1_40' title='bbox 682 934 777 1018; x_wconf 86' lang='lat' dir='ltr'>bella,</span> <span class='ocrx_word' id='word_1_41' title='bbox 801 935 886 1018; x_wconf 91' lang='lat' dir='ltr'>quod</span> <span class='ocrx_word' id='word_1_42' title='bbox 906 933 1047 999; x_wconf 80' lang='lat' dir='ltr'>Calvena</span> <span class='ocrx_word' id='word_1_43' title='bbox 1069 956 1135 999; x_wconf 90' lang='lat' dir='ltr'>mo·</span> 
     </span>
     <span class='ocr_line' id='line_1_8' title="bbox 112 1022 1135 1108; baseline 0 -22"><span class='ocrx_word' id='word_1_44' title='bbox 112 1023 196 1087; x_wconf 81' lang='lat' dir='ltr'>leste</span> <span class='ocrx_word' id='word_1_45' title='bbox 214 1023 278 1086; x_wconf 87' lang='lat' dir='ltr'>fert</span> <span class='ocrx_word' id='word_1_46' title='bbox 295 1043 328 1088; x_wconf 84' lang='lat' dir='ltr'>se</span> <span class='ocrx_word' id='word_1_47' title='bbox 346 1026 531 1105; x_wconf 84' lang='lat' dir='ltr'>suspectum</span> <span class='ocrx_word' id='word_1_48' title='bbox 550 1043 619 1086; x_wconf 90' lang='lat' dir='ltr'>esse</span> <span class='ocrx_word' id='word_1_49' title='bbox 638 1022 755 1108; x_wconf 84' lang='lat' dir='ltr'>Bruto3</span> <span class='ocrx_word' id='word_1_50' title='bbox 772 1022 831 1088; x_wconf 87' lang='lat' dir='ltr'>illa</span> <span class='ocrx_word' id='word_1_51' title='bbox 845 1023 939 1108; x_wconf 83' lang='lat' dir='ltr'>signa</span> <span class='ocrx_word' id='word_1_52' title='bbox 957 1045 1022 1086; x_wconf 91' lang='lat' dir='ltr'>non</span> <span class='ocrx_word' id='word_1_53' title='bbox 1040 1023 1135 1104; x_wconf 87' lang='lat' dir='ltr'>bona,</span> 
     </span>
     <span class='ocr_line' id='line_1_9' title="bbox 112 1109 1135 1195; baseline -0.001 -21"><span class='ocrx_word' id='word_1_54' title='bbox 112 1111 143 1174; x_wconf 91' lang='lat' dir='ltr'>si</span> <span class='ocrx_word' id='word_1_55' title='bbox 168 1132 241 1174; x_wconf 84' lang='lat' dir='ltr'>oum</span> <span class='ocrx_word' id='word_1_56' title='bbox 265 1110 368 1194; x_wconf 85' lang='lat' dir='ltr'>signis</span> <span class='ocrx_word' id='word_1_57' title='bbox 386 1111 530 1195; x_wconf 82' lang='lat' dir='ltr'>legiones</span> <span class='ocrx_word' id='word_1_58' title='bbox 552 1110 687 1174; x_wconf 82' lang='lat' dir='ltr'>veniunt</span> <span class='ocrx_word' id='word_1_59' title='bbox 705 1132 721 1174; x_wconf 89' lang='lat' dir='ltr'>e</span> <span class='ocrx_word' id='word_1_60' title='bbox 740 1109 853 1175; x_wconf 81' lang='lat' dir='ltr'>Gallia.</span> <span class='ocrx_word' id='word_1_61' title='bbox 896 1110 979 1186; x_wconf 83' lang='lat' dir='ltr'><strong>Quid</strong></span> <span class='ocrx_word' id='word_1_62' title='bbox 1001 1115 1040 1174; x_wconf 81' lang='lat' dir='ltr'>tu</span> <span class='ocrx_word' id='word_1_63' title='bbox 1061 1110 1135 1174; x_wconf 84' lang='lat' dir='ltr'>illas</span> 
     </span>
     <span class='ocr_line' id='line_1_10' title="bbox 114 1197 1136 1284; baseline 0 -22"><span class='ocrx_word' id='word_1_64' title='bbox 114 1203 227 1284; x_wconf 86' lang='lat' dir='ltr'>putas,</span> <span class='ocrx_word' id='word_1_65' title='bbox 256 1219 339 1282; x_wconf 85' lang='lat' dir='ltr'>quae</span> <span class='ocrx_word' id='word_1_66' title='bbox 361 1198 492 1262; x_wconf 88' lang='lat' dir='ltr'>fuerunt</span> <span class='ocrx_word' id='word_1_67' title='bbox 520 1198 556 1262; x_wconf 95' lang='lat' dir='ltr'>in</span> <span class='ocrx_word' id='word_1_68' title='bbox 577 1197 757 1281; x_wconf 80' lang='lat' dir='ltr'><strong>Hispania?</strong></span> <span class='ocrx_word' id='word_1_69' title='bbox 784 1221 891 1262; x_wconf 88' lang='lat' dir='ltr'>nonne</span> <span class='ocrx_word' id='word_1_70' title='bbox 919 1199 1003 1263; x_wconf 91' lang='lat' dir='ltr'>idem</span> <span class='ocrx_word' id='word_1_71' title='bbox 1026 1203 1136 1282; x_wconf 84' lang='lat' dir='ltr'>postu·</span> 
     </span>
     <span class='ocr_line' id='line_1_11' title="bbox 70 1285 1136 1370; baseline -0.002 -19"><span class='ocrx_word' id='word_1_72' title='bbox 70 1314 99 1352; x_wconf 87' lang='lat'>10</span> <span class='ocrx_word' id='word_1_73' title='bbox 113 1287 261 1351; x_wconf 83' lang='lat' dir='ltr'>laturas?</span> <span class='ocrx_word' id='word_1_74' title='bbox 285 1286 371 1370; x_wconf 91' lang='lat' dir='ltr'>quid,</span> <span class='ocrx_word' id='word_1_75' title='bbox 394 1308 475 1370; x_wconf 88' lang='lat' dir='ltr'>quas</span> <span class='ocrx_word' id='word_1_76' title='bbox 493 1285 621 1350; x_wconf 81' lang='lat' dir='ltr'>Annius</span> <span class='ocrx_word' id='word_1_77' title='bbox 644 1287 904 1370; x_wconf 77' lang='lat' dir='ltr'>transportavit?</span> <span class='ocrx_word' id='word_1_78' title='bbox 935 1285 970 1351; x_wconf 87' lang='lat' dir='ltr'>C.</span> <span class='ocrx_word' id='word_1_79' title='bbox 984 1286 1136 1350; x_wconf 82' lang='lat' dir='ltr'>Asinium</span> 
     </span>
     <span class='ocr_line' id='line_1_12' title="bbox 114 1373 1137 1461; baseline -0.001 -22"><span class='ocrx_word' id='word_1_80' title='bbox 114 1375 214 1461; x_wconf 81' lang='lat' dir='ltr'>volui,</span> <span class='ocrx_word' id='word_1_81' title='bbox 233 1374 288 1439; x_wconf 89' lang='lat' dir='ltr'>sed</span> <span class='ocrx_word' id='word_1_82' title='bbox 306 1375 513 1458; x_wconf 80' lang='grc' dir='ltr'><strong><em>μνημονικὸν</em></strong></span> <span class='ocrx_word' id='word_1_83' title='bbox 531 1374 713 1457; x_wconf 79' lang='grc' dir='ltr'><em>ἁμάρτημα.</em></span> <span class='ocrx_word' id='word_1_84' title='bbox 750 1373 782 1438; x_wconf 81' lang='grc' dir='ltr'><strong>Α</strong></span> <span class='ocrx_word' id='word_1_85' title='bbox 799 1374 986 1440; x_wconf 76' lang='lat' dir='ltr'>balneatore</span> <span class='ocrx_word' id='word_1_86' title='bbox 1004 1376 1137 1460; x_wconf 81' lang='grc' dir='ltr'><em>φυρμὸς</em></span> 
     </span>
     <span class='ocr_line' id='line_1_13' title="bbox 114 1459 1136 1545; baseline -0.002 -17"><span class='ocrx_word' id='word_1_87' title='bbox 114 1464 229 1539; x_wconf 79' lang='grc' dir='ltr'><em>πολύς.</em></span> <span class='ocrx_word' id='word_1_88' title='bbox 265 1460 352 1527; x_wconf 92' lang='lat' dir='ltr'>Nam</span> <span class='ocrx_word' id='word_1_89' title='bbox 367 1464 432 1526; x_wconf 84' lang='lat' dir='ltr'>ista</span> <span class='ocrx_word' id='word_1_90' title='bbox 446 1463 575 1545; x_wconf 91' lang='lat' dir='ltr'>quidem</span> <span class='ocrx_word' id='word_1_91' title='bbox 589 1459 736 1526; x_wconf 76' lang='lat' dir='ltr'>Caesaris</span> <span class='ocrx_word' id='word_1_92' title='bbox 750 1461 943 1526; x_wconf 89' lang='lat' dir='ltr'>libertorum</span> <span class='ocrx_word' id='word_1_93' title='bbox 956 1462 1136 1526; x_wconf 80' lang='lat' dir='ltr'>coniuratio</span> 
     </span>
    </p>

    <p class='ocr_par' dir='ltr' id='par_1_5' title="bbox 71 1549 1171 2340">
     <span class='ocr_line' id='line_1_14' title="bbox 115 1549 1171 1635; baseline -0.002 -21"><span class='ocrx_word' id='word_1_94' title='bbox 115 1551 209 1616; x_wconf 88' lang='lat' dir='ltr'>faoile</span> <span class='ocrx_word' id='word_1_95' title='bbox 229 1551 473 1635; x_wconf 72' lang='lat' dir='ltr'>opprimeretur,</span> <span class='ocrx_word' id='word_1_96' title='bbox 493 1551 521 1614; x_wconf 91' lang='lat' dir='ltr'>si</span> <span class='ocrx_word' id='word_1_97' title='bbox 535 1555 624 1614; x_wconf 85' lang='lat' dir='ltr'>recta</span> <span class='ocrx_word' id='word_1_98' title='bbox 638 1555 765 1633; x_wconf 78' lang='lat' dir='ltr'>saperet</span> <span class='ocrx_word' id='word_1_99' title='bbox 779 1549 952 1614; x_wconf 85' lang='lat' dir='ltr'>Antonius.</span> <span class='ocrx_word' id='word_1_100' title='bbox 986 1549 1013 1614; x_wconf 92' lang='grc' dir='ltr'>Ο</span> <span class='ocrx_word' id='word_1_101' title='bbox 1031 1572 1136 1614; x_wconf 91' lang='lat' dir='ltr'>meam</span> <span class='ocrx_word' id='word_1_102' title='bbox 1154 1566 1171 1612; x_wconf 79' lang='lat'><strong>2</strong></span> 
     </span>
     <span class='ocr_line' id='line_1_15' title="bbox 116 1638 1136 1722; baseline -0.002 -20"><span class='ocrx_word' id='word_1_103' title='bbox 116 1639 252 1702; x_wconf 81' lang='lat' dir='ltr'>stultam</span> <span class='ocrx_word' id='word_1_104' title='bbox 270 1639 506 1703; x_wconf 80' lang='lat' dir='ltr'>verecundiam!</span> <span class='ocrx_word' id='word_1_105' title='bbox 527 1639 582 1722; x_wconf 92' lang='lat' dir='ltr'>qui</span> <span class='ocrx_word' id='word_1_106' title='bbox 600 1638 702 1722; x_wconf 86' lang='lat' dir='ltr'>legari</span> <span class='ocrx_word' id='word_1_107' title='bbox 720 1638 881 1702; x_wconf 88' lang='lat' dir='ltr'>noluerim</span> <span class='ocrx_word' id='word_1_108' title='bbox 900 1641 975 1701; x_wconf 85' lang='lat' dir='ltr'>ante</span> <span class='ocrx_word' id='word_1_109' title='bbox 993 1659 1045 1701; x_wconf 85' lang='lat' dir='ltr'>res</span> <span class='ocrx_word' id='word_1_110' title='bbox 1063 1659 1136 1721; x_wconf 92' lang='lat' dir='ltr'>pro-</span> 
     </span>
     <span class='ocr_line' id='line_1_16' title="bbox 71 1726 1137 1811; baseline -0.003 -19"><span class='ocrx_word' id='word_1_111' title='bbox 71 1753 100 1792; x_wconf 82' lang='lat'>15</span> <span class='ocrx_word' id='word_1_112' title='bbox 114 1728 214 1811; x_wconf 88' lang='lat' dir='ltr'>latas,</span> <span class='ocrx_word' id='word_1_113' title='bbox 242 1747 283 1790; x_wconf 92' lang='lat' dir='ltr'>ne</span> <span class='ocrx_word' id='word_1_114' title='bbox 307 1727 451 1792; x_wconf 91' lang='lat' dir='ltr'>deserere</span> <span class='ocrx_word' id='word_1_115' title='bbox 478 1726 603 1791; x_wconf 87' lang='lat' dir='ltr'>viderer</span> <span class='ocrx_word' id='word_1_116' title='bbox 628 1726 715 1790; x_wconf 85' lang='lat' dir='ltr'>hune</span> <span class='ocrx_word' id='word_1_117' title='bbox 747 1748 856 1789; x_wconf 90' lang='lat' dir='ltr'>rerum</span> <span class='ocrx_word' id='word_1_118' title='bbox 883 1729 1056 1809; x_wconf 84' lang='lat' dir='ltr'>tumorem3</span> <span class='ocrx_word' id='word_1_119' title='bbox 1084 1726 1137 1789; x_wconf 85' lang='lat' dir='ltr'>eui</span> 
     </span>
     <span class='ocr_line' id='line_1_17' title="bbox 115 1812 1136 1899; baseline -0.003 -20"><span class='ocrx_word' id='word_1_120' title='bbox 115 1819 202 1879; x_wconf 81' lang='lat' dir='ltr'>certe</span> <span class='ocrx_word' id='word_1_121' title='bbox 226 1815 254 1878; x_wconf 90' lang='lat' dir='ltr'>si</span> <span class='ocrx_word' id='word_1_122' title='bbox 273 1836 403 1897; x_wconf 89' lang='lat' dir='ltr'>possem</span> <span class='ocrx_word' id='word_1_123' title='bbox 421 1815 551 1899; x_wconf 80' lang='lat' dir='ltr'>mederi,</span> <span class='ocrx_word' id='word_1_124' title='bbox 574 1814 663 1878; x_wconf 89' lang='lat' dir='ltr'>desse</span> <span class='ocrx_word' id='word_1_125' title='bbox 686 1835 754 1877; x_wconf 89' lang='lat' dir='ltr'>non</span> <span class='ocrx_word' id='word_1_126' title='bbox 772 1815 928 1878; x_wconf 89' lang='lat' dir='ltr'>deberem.</span> <span class='ocrx_word' id='word_1_127' title='bbox 962 1812 1025 1877; x_wconf 84' lang='lat' dir='ltr'>Sed</span> <span class='ocrx_word' id='word_1_128' title='bbox 1048 1813 1136 1876; x_wconf 88' lang='lat' dir='ltr'>vides</span> 
     </span>
     <span class='ocr_line' id='line_1_18' title="bbox 115 1901 1137 1988; baseline -0.001 -22"><span class='ocrx_word' id='word_1_129' title='bbox 115 1903 342 1988; x_wconf 74' lang='lat' dir='ltr'>magistratus,</span> <span class='ocrx_word' id='word_1_130' title='bbox 375 1903 403 1967; x_wconf 91' lang='lat' dir='ltr'>si</span> <span class='ocrx_word' id='word_1_131' title='bbox 431 1903 560 1986; x_wconf 88' lang='lat' dir='ltr'>quidem</span> <span class='ocrx_word' id='word_1_132' title='bbox 583 1901 633 1964; x_wconf 90' lang='lat' dir='ltr'>illi</span> <span class='ocrx_word' id='word_1_133' title='bbox 663 1903 889 1986; x_wconf 85' lang='lat' dir='ltr'>magistratus,</span> <span class='ocrx_word' id='word_1_134' title='bbox 915 1901 1004 1964; x_wconf 83' lang='lat' dir='ltr'>vides</span> <span class='ocrx_word' id='word_1_135' title='bbox 1027 1905 1137 1965; x_wconf 89' lang='lat' dir='ltr'>tamen</span> 
     </span>
     <span class='ocr_line' id='line_1_19' title="bbox 115 1989 1138 2075; baseline -0.002 -21"><span class='ocrx_word' id='word_1_136' title='bbox 115 1990 248 2074; x_wconf 87' lang='lat' dir='ltr'>tyranni</span> <span class='ocrx_word' id='word_1_137' title='bbox 272 1991 427 2054; x_wconf 87' lang='lat' dir='ltr'>satellites</span> <span class='ocrx_word' id='word_1_138' title='bbox 450 1993 487 2054; x_wconf 79' lang='lat' dir='ltr'>ia</span> <span class='ocrx_word' id='word_1_139' title='bbox 509 1989 668 2075; x_wconf 88' lang='lat' dir='ltr'>imperiis,</span> <span class='ocrx_word' id='word_1_140' title='bbox 690 1990 779 2054; x_wconf 86' lang='lat' dir='ltr'>vides</span> <span class='ocrx_word' id='word_1_141' title='bbox 803 1989 945 2054; x_wconf 90' lang='lat' dir='ltr'>eiusdem</span> <span class='ocrx_word' id='word_1_142' title='bbox 968 1989 1138 2074; x_wconf 87' lang='lat' dir='ltr'>exereitus,</span> 
     </span>
     <span class='ocr_line' id='line_1_20' title="bbox 116 2077 1137 2163; baseline -0.004 -20"><span class='ocrx_word' id='word_1_143' title='bbox 116 2080 205 2144; x_wconf 84' lang='lat' dir='ltr'>vides</span> <span class='ocrx_word' id='word_1_144' title='bbox 229 2079 264 2142; x_wconf 92' lang='lat' dir='ltr'>in</span> <span class='ocrx_word' id='word_1_145' title='bbox 285 2078 386 2142; x_wconf 86' lang='lat' dir='ltr'>latere</span> <span class='ocrx_word' id='word_1_146' title='bbox 409 2082 592 2162; x_wconf 83' lang='lat' dir='ltr'>veteranos,</span> <span class='ocrx_word' id='word_1_147' title='bbox 616 2082 798 2161; x_wconf 85' lang='lat' dir='ltr'>quaesunt</span> <span class='ocrx_word' id='word_1_148' title='bbox 822 2077 997 2163; x_wconf 81' lang='grc' dir='ltr'><strong><em>εὐρίπιστα</em></strong></span> <span class='ocrx_word' id='word_1_149' title='bbox 1021 2077 1137 2160; x_wconf 90' lang='lat' dir='ltr'>omnia,</span> 
     </span>
     <span class='ocr_line' id='line_1_21' title="bbox 73 2164 1138 2250; baseline -0.005 -17"><span class='ocrx_word' id='word_1_150' title='bbox 73 2195 102 2233; x_wconf 77' lang='lat' dir='ltr'>so</span> <span class='ocrx_word' id='word_1_151' title='bbox 117 2189 172 2232; x_wconf 87' lang='lat' dir='ltr'>eos</span> <span class='ocrx_word' id='word_1_152' title='bbox 191 2171 308 2250; x_wconf 88' lang='lat' dir='ltr'>autem,</span> <span class='ocrx_word' id='word_1_153' title='bbox 332 2167 389 2250; x_wconf 89' lang='lat' dir='ltr'>qui</span> <span class='ocrx_word' id='word_1_154' title='bbox 408 2166 496 2230; x_wconf 88' lang='lat' dir='ltr'>orbis</span> <span class='ocrx_word' id='word_1_155' title='bbox 518 2169 623 2230; x_wconf 84' lang='lat' dir='ltr'>terrae</span> <span class='ocrx_word' id='word_1_156' title='bbox 647 2165 802 2228; x_wconf 79' lang='lat' dir='ltr'>custodiis</span> <span class='ocrx_word' id='word_1_157' title='bbox 820 2187 887 2229; x_wconf 89' lang='lat' dir='ltr'>non</span> <span class='ocrx_word' id='word_1_158' title='bbox 909 2165 1005 2228; x_wconf 91' lang='lat' dir='ltr'>modo</span> <span class='ocrx_word' id='word_1_159' title='bbox 1025 2164 1138 2248; x_wconf 87' lang='lat' dir='ltr'>saepti,</span> 
     </span>
     <span class='ocr_line' id='line_1_22' title="bbox 116 2251 1138 2340; baseline -0.003 -21"><span class='ocrx_word' id='word_1_160' title='bbox 116 2276 230 2319; x_wconf 89' lang='lat' dir='ltr'>verum</span> <span class='ocrx_word' id='word_1_161' title='bbox 251 2255 350 2328; x_wconf 87' lang='lat' dir='ltr'>etiam</span> <span class='ocrx_word' id='word_1_162' title='bbox 368 2255 446 2318; x_wconf 87' lang='lat' dir='ltr'>teeti</span> <span class='ocrx_word' id='word_1_163' title='bbox 469 2276 538 2318; x_wconf 90' lang='lat' dir='ltr'>esse</span> <span class='ocrx_word' id='word_1_164' title='bbox 557 2253 725 2340; x_wconf 82' lang='lat' dir='ltr'>debebant,</span> <span class='ocrx_word' id='word_1_165' title='bbox 747 2257 877 2317; x_wconf 87' lang='lat' dir='ltr'>tantum</span> <span class='ocrx_word' id='word_1_166' title='bbox 894 2252 989 2316; x_wconf 91' lang='lat' dir='ltr'>modo</span> <span class='ocrx_word' id='word_1_167' title='bbox 1012 2251 1138 2316; x_wconf 89' lang='lat' dir='ltr'>laudari</span> 
     </span>
    </p>
   </div>
   <div class='ocr_carea' id='block_1_5' title="bbox 75 2334 1215 2848">
    <p class='ocr_par' dir='ltr' id='par_1_6' title="bbox 117 2334 1215 2603">
     <span class='ocr_line' id='line_1_23' title="bbox 117 2334 1215 2426; baseline -0.004 -19"><span class='ocrx_word' id='word_1_168' title='bbox 117 2347 215 2426; x_wconf 81' lang='lat' dir='ltr'>atque</span> <span class='ocrx_word' id='word_1_169' title='bbox 239 2343 348 2426; x_wconf 89' lang='lat' dir='ltr'>amari,</span> <span class='ocrx_word' id='word_1_170' title='bbox 372 2344 429 2406; x_wconf 92' lang='lat' dir='ltr'>sed</span> <span class='ocrx_word' id='word_1_171' title='bbox 450 2342 628 2425; x_wconf 86' lang='lat' dir='ltr'>parietibus</span> <span class='ocrx_word' id='word_1_172' title='bbox 647 2341 814 2406; x_wconf 81' lang='lat' dir='ltr'>contineri.</span> <span class='ocrx_word' id='word_1_173' title='bbox 855 2340 964 2424; x_wconf 85' lang='lat' dir='ltr'>Atque</span> <span class='ocrx_word' id='word_1_174' title='bbox 987 2340 1037 2404; x_wconf 91' lang='lat' dir='ltr'>illi</span> <span class='ocrx_word' id='word_1_175' title='bbox 1060 2362 1138 2424; x_wconf 92' lang='lat' dir='ltr'>quo·</span> <span class='ocrx_word' id='word_1_176' title='bbox 1210 2334 1215 2357; x_wconf 72' lang='lat'><strong>⁴</strong></span> 
     </span>
     <span class='ocr_line' id='line_1_24' title="bbox 117 2427 1199 2516; baseline -0.004 -22"><span class='ocrx_word' id='word_1_177' title='bbox 117 2453 182 2516; x_wconf 91' lang='lat' dir='ltr'>quo</span> <span class='ocrx_word' id='word_1_178' title='bbox 205 2430 302 2494; x_wconf 92' lang='lat' dir='ltr'>modo</span> <span class='ocrx_word' id='word_1_179' title='bbox 325 2431 422 2516; x_wconf 81' lang='lat' dir='ltr'>beati,</span> <span class='ocrx_word' id='word_1_180' title='bbox 446 2431 559 2494; x_wconf 84' lang='lat' dir='ltr'>civitas</span> <span class='ocrx_word' id='word_1_181' title='bbox 583 2430 709 2493; x_wconf 90' lang='lat' dir='ltr'>misera.</span> <span class='ocrx_word' id='word_1_182' title='bbox 756 2427 819 2493; x_wconf 80' lang='lat' dir='ltr'>Sed</span> <span class='ocrx_word' id='word_1_183' title='bbox 841 2429 939 2493; x_wconf 84' lang='lat' dir='ltr'>velim</span> <span class='ocrx_word' id='word_1_184' title='bbox 964 2429 1058 2514; x_wconf 89' lang='lat' dir='ltr'>seire,</span> <span class='ocrx_word' id='word_1_185' title='bbox 1081 2429 1138 2512; x_wconf 89' lang='lat' dir='ltr'>qui</span> <span class='ocrx_word' id='word_1_186' title='bbox 1157 2444 1174 2490; x_wconf 84' lang='lat'><strong>3</strong></span> <span class='ocrx_word' id='word_1_187' title='bbox 1198 2507 1199 2512; x_wconf 8' lang='grc' dir='ltr'>ἵ</span> 
     </span>
     <span class='ocr_line' id='line_1_25' title="bbox 117 2516 1139 2603; baseline -0.001 -21"><span class='ocrx_word' id='word_1_188' title='bbox 117 2519 274 2583; x_wconf 81' lang='lat' dir='ltr'>adventus</span> <span class='ocrx_word' id='word_1_189' title='bbox 292 2517 414 2603; x_wconf 83' lang='lat' dir='ltr'>Octavi,</span> <span class='ocrx_word' id='word_1_190' title='bbox 431 2540 511 2582; x_wconf 92' lang='lat' dir='ltr'>num</span> <span class='ocrx_word' id='word_1_191' title='bbox 531 2516 586 2601; x_wconf 92' lang='lat' dir='ltr'>qui</span> <span class='ocrx_word' id='word_1_192' title='bbox 605 2539 779 2581; x_wconf 86' lang='lat' dir='ltr'>aoneursus</span> <span class='ocrx_word' id='word_1_193' title='bbox 800 2516 840 2580; x_wconf 88' lang='lat' dir='ltr'>ad</span> <span class='ocrx_word' id='word_1_194' title='bbox 859 2538 940 2600; x_wconf 90' lang='lat' dir='ltr'>eum,</span> <span class='ocrx_word' id='word_1_195' title='bbox 958 2538 1037 2580; x_wconf 89' lang='lat' dir='ltr'>num</span> <span class='ocrx_word' id='word_1_196' title='bbox 1056 2539 1139 2600; x_wconf 89' lang='lat' dir='ltr'>quae</span> 
     </span>
    </p>

    <p class='ocr_par' dir='ltr' id='par_1_7' title="bbox 75 2604 1139 2848">
     <span class='ocr_line' id='line_1_26' title="bbox 75 2604 1139 2692; baseline -0.004 -20"><span class='ocrx_word' id='word_1_197' title='bbox 75 2632 103 2672; x_wconf 77' lang='lat' dir='ltr'>ss</span> <span class='ocrx_word' id='word_1_198' title='bbox 117 2616 342 2692; x_wconf 81' lang='grc' dir='ltr'><strong><em>νεωτερισμοῦ</em></strong></span> <span class='ocrx_word' id='word_1_199' title='bbox 366 2607 516 2689; x_wconf 79' lang='lat' dir='ltr'>suspicio.</span> <span class='ocrx_word' id='word_1_200' title='bbox 559 2604 636 2670; x_wconf 90' lang='lat' dir='ltr'>Non</span> <span class='ocrx_word' id='word_1_201' title='bbox 658 2609 738 2689; x_wconf 90' lang='lat' dir='ltr'>puto</span> <span class='ocrx_word' id='word_1_202' title='bbox 763 2604 923 2688; x_wconf 88' lang='lat' dir='ltr'>equidem,</span> <span class='ocrx_word' id='word_1_203' title='bbox 943 2605 998 2668; x_wconf 90' lang='lat' dir='ltr'>sed</span> <span class='ocrx_word' id='word_1_204' title='bbox 1020 2609 1139 2688; x_wconf 87' lang='lat' dir='ltr'>tamen,</span> 
     </span>
     <span class='ocr_line' id='line_1_27' title="bbox 118 2692 1139 2780; baseline -0.003 -21"><span class='ocrx_word' id='word_1_205' title='bbox 118 2695 273 2779; x_wconf 85' lang='lat' dir='ltr'>quioquid</span> <span class='ocrx_word' id='word_1_206' title='bbox 301 2698 363 2780; x_wconf 83' lang='lat' dir='ltr'>est,</span> <span class='ocrx_word' id='word_1_207' title='bbox 396 2694 476 2758; x_wconf 83' lang='lat' dir='ltr'>seire</span> <span class='ocrx_word' id='word_1_208' title='bbox 509 2693 612 2776; x_wconf 84' lang='lat' dir='ltr'>cupio.</span> <span class='ocrx_word' id='word_1_209' title='bbox 649 2692 738 2756; x_wconf 85' lang='lat' dir='ltr'>Haeo</span> <span class='ocrx_word' id='word_1_210' title='bbox 769 2692 884 2776; x_wconf 81' lang='lat' dir='ltr'>scripsi</span> <span class='ocrx_word' id='word_1_211' title='bbox 914 2693 954 2756; x_wconf 88' lang='lat' dir='ltr'>ad</span> <span class='ocrx_word' id='word_1_212' title='bbox 980 2697 1014 2757; x_wconf 85' lang='lat' dir='ltr'>te</span> <span class='ocrx_word' id='word_1_213' title='bbox 1042 2694 1139 2777; x_wconf 92' lang='lat' dir='ltr'>profi-</span> 
     </span>
     <span class='ocr_line' id='line_1_28' title="bbox 118 2780 556 2848; baseline -0.009 0"><span class='ocrx_word' id='word_1_214' title='bbox 118 2785 241 2848; x_wconf 87' lang='lat' dir='ltr'>oiseens</span> <span class='ocrx_word' id='word_1_215' title='bbox 265 2781 388 2847; x_wconf 84' lang='lat' dir='ltr'>Astura</span> <span class='ocrx_word' id='word_1_216' title='bbox 410 2800 448 2845; x_wconf 92' lang='lat'>111</span> <span class='ocrx_word' id='word_1_217' title='bbox 471 2780 556 2845; x_wconf 75' lang='lat' dir='ltr'>Idus,</span> 
     </span>
    </p>
   </div>
   <div class='ocr_carea' id='block_1_6' title="bbox 75 2954 960 3272">
    <p class='ocr_par' dir='ltr' id='par_1_8' title="bbox 75 2954 960 3272">
     <span class='ocr_line' id='line_1_29' title="bbox 599 2954 655 3020; baseline 0 0"><span class='ocrx_word' id='word_1_218' title='bbox 599 2954 655 3020; x_wconf 89' lang='lat' dir='ltr'>Vl.</span> 
     </span>
     <span class='ocr_line' id='line_1_30' title="bbox 317 3076 960 3162; baseline -0.006 -28"><span class='ocrx_word' id='word_1_219' title='bbox 317 3078 374 3134; x_wconf 78' lang='lat' dir='ltr'>Sor.</span> <span class='ocrx_word' id='word_1_220' title='bbox 395 3079 506 3134; x_wconf 70' lang='lat' dir='ltr'>Fundis</span> <span class='ocrx_word' id='word_1_221' title='bbox 521 3079 596 3147; x_wconf 81' lang='lat' dir='ltr'>prid.</span> <span class='ocrx_word' id='word_1_222' title='bbox 611 3077 655 3131; x_wconf 82' lang='lat' dir='ltr'>Id.</span> <span class='ocrx_word' id='word_1_223' title='bbox 670 3076 740 3146; x_wconf 80' lang='lat' dir='ltr'>Apr.</span> <span class='ocrx_word' id='word_1_224' title='bbox 755 3095 781 3131; x_wconf 84' lang='lat' dir='ltr'>a.</span> <span class='ocrx_word' id='word_1_225' title='bbox 798 3081 853 3132; x_wconf 86' lang='lat'>710</span> <span class='ocrx_word' id='word_1_226' title='bbox 873 3080 960 3162; x_wconf 77' lang='grc' dir='ltr'>(44).Ι</span> 
     </span>
     <span class='ocr_line' id='line_1_31' title="bbox 75 3198 820 3272; baseline -0.003 -16"><span class='ocrx_word' id='word_1_227' title='bbox 75 3233 103 3272; x_wconf 76' lang='lat'>30</span> <span class='ocrx_word' id='word_1_228' title='bbox 441 3199 570 3255; x_wconf 81' lang='lat' dir='ltr'>CICERO</span> <span class='ocrx_word' id='word_1_229' title='bbox 589 3198 721 3253; x_wconf 83' lang='lat' dir='ltr'>ATTICO</span> <span class='ocrx_word' id='word_1_230' title='bbox 742 3200 768 3255; x_wconf 83' lang='lat' dir='ltr'>S.</span> <span class='ocrx_word' id='word_1_231' title='bbox 787 3199 820 3254; x_wconf 94' lang='lat' dir='ltr'>D.</span> 
     </span>
    </p>
   </div>
   <div class='ocr_carea' id='block_1_7' title="bbox 13 3307 1174 3568">
    <p class='ocr_par' dir='ltr' id='par_1_9' title="bbox 13 3307 1174 3568">
     <span class='ocr_line' id='line_1_32' title="bbox 184 3307 1174 3391; baseline -0.008 -15"><span class='ocrx_word' id='word_1_232' title='bbox 184 3311 292 3376; x_wconf 87' lang='lat' dir='ltr'>Pridie</span> <span class='ocrx_word' id='word_1_233' title='bbox 326 3308 402 3374; x_wconf 90' lang='lat' dir='ltr'>Idus</span> <span class='ocrx_word' id='word_1_234' title='bbox 441 3307 563 3372; x_wconf 82' lang='lat' dir='ltr'>Fundis</span> <span class='ocrx_word' id='word_1_235' title='bbox 601 3307 707 3391; x_wconf 88' lang='lat' dir='ltr'>aeoepi</span> <span class='ocrx_word' id='word_1_236' title='bbox 744 3311 818 3371; x_wconf 89' lang='lat' dir='ltr'>tuas</span> <span class='ocrx_word' id='word_1_237' title='bbox 853 3307 980 3369; x_wconf 89' lang='lat' dir='ltr'>litteras</span> <span class='ocrx_word' id='word_1_238' title='bbox 1013 3320 1174 3368; x_wconf 77' lang='lat' dir='ltr'>amausi</span> 
     </span>
     <span class='ocr_line' id='line_1_33' title="bbox 116 3391 1139 3483; baseline -0.008 -18"><span class='ocrx_word' id='word_1_239' title='bbox 116 3400 263 3465; x_wconf 92' lang='lat' dir='ltr'>Primum</span> <span class='ocrx_word' id='word_1_240' title='bbox 285 3398 388 3483; x_wconf 84' lang='lat' dir='ltr'>igitur</span> <span class='ocrx_word' id='word_1_241' title='bbox 405 3397 521 3461; x_wconf 87' lang='lat' dir='ltr'>melius</span> <span class='ocrx_word' id='word_1_242' title='bbox 540 3417 620 3482; x_wconf 89' lang='lat' dir='ltr'>esse,</span> <span class='ocrx_word' id='word_1_243' title='bbox 642 3395 756 3459; x_wconf 91' lang='lat' dir='ltr'>deinde</span> <span class='ocrx_word' id='word_1_244' title='bbox 774 3394 909 3459; x_wconf 87' lang='lat' dir='ltr'>meliora</span> <span class='ocrx_word' id='word_1_245' title='bbox 929 3397 962 3456; x_wconf 88' lang='lat' dir='ltr'>te</span> <span class='ocrx_word' id='word_1_246' title='bbox 980 3391 1139 3457; x_wconf 87' lang='lat' dir='ltr'>nuntiare.</span> 
     </span>
     <span class='ocr_line' id='line_1_34' title="bbox 13 3478 1141 3568; baseline -0.011 -14"><span class='ocrx_word' id='word_1_247' title='bbox 13 3555 15 3560; x_wconf 82' lang='grc'>,</span> <span class='ocrx_word' id='word_1_248' title='bbox 118 3487 238 3553; x_wconf 87' lang='lat' dir='ltr'>Odiosa</span> <span class='ocrx_word' id='word_1_249' title='bbox 270 3486 327 3550; x_wconf 91' lang='lat' dir='ltr'>illa</span> <span class='ocrx_word' id='word_1_250' title='bbox 357 3485 443 3549; x_wconf 90' lang='lat' dir='ltr'>enim</span> <span class='ocrx_word' id='word_1_251' title='bbox 473 3485 618 3568; x_wconf 85' lang='lat' dir='ltr'>fuerant,</span> <span class='ocrx_word' id='word_1_252' title='bbox 646 3483 792 3567; x_wconf 82' lang='lat' dir='ltr'>legiones</span> <span class='ocrx_word' id='word_1_253' title='bbox 824 3482 941 3546; x_wconf 83' lang='lat' dir='ltr'>venire.</span> <span class='ocrx_word' id='word_1_254' title='bbox 987 3478 1073 3544; x_wconf 91' lang='lat' dir='ltr'>Nam</span> <span class='ocrx_word' id='word_1_255' title='bbox 1101 3479 1141 3543; x_wconf 91' lang='lat' dir='ltr'>de</span> 
     </span>
    </p>
   </div>
   <div class='ocr_carea' id='block_1_8' title="bbox 0 0 1291 3880">
    <p class='ocr_par' dir='ltr' id='par_1_10' title="bbox 0 0 1291 3880">
     <span class='ocr_line' id='line_1_35' title="bbox 0 0 1291 3880; baseline 0 0"><span class='ocrx_word' id='word_1_256' title='bbox 0 0 1291 3880; x_wconf 95' lang='lat' dir='ltr'> </span> 
     </span>
    </p>
   </div>
  </div>
 </body>
</html>
