2586 3886
162 175 225 238 156
480 174 518 228 Μ.
538 173 644 228 TULLI
663 171 853 228 CICERONIS

160 318 252 382 derat
273 317 351 382 huic
374 315 519 402 Scaptio,
547 339 605 400 per
629 339 708 401 quas
731 314 924 381 Salaminios
947 320 1120 399 coerceret,
1149 319 1185 379 et
1289 347 1290 354 ¹

162 407 298 472 eundem
312 405 470 470 habuerat
483 405 697 491 praefectum,
719 405 858 469 vexabat
872 402 1073 469 Salaminios.
1105 403 1183 488 Rgc

162 495 287 578 equites
307 517 346 558 ex
361 491 469 577 Cypro
485 493 633 557 decedere
651 493 741 557 iussi.
778 492 916 558 Moleste
930 493 1007 556 tulit
1022 490 1183 576 Scaptius.

111 601 142 648 11
164 582 247 657 Quid
270 581 395 646 multa?
415 585 463 645 'ut
492 581 521 645 ei
548 581 646 645 fidem
667 603 772 645 meam
799 583 1012 666 praestarem,
1038 602 1110 645 cum
1139 580 1183 643 ad

163 693 214 734 me
238 668 406 734 Salaminii
424 669 561 733 Tarsum
580 670 744 734 venissent
766 673 799 732 et
822 669 857 733 in
879 669 920 732 iis
940 666 1098 752 Scaptius,
1121 667 1181 731 im·
1219 694 1236 734 5

162 757 286 842 peravi,
312 761 350 822 ut
377 758 545 841 pecuniam
574 758 743 822 solverent.
789 756 895 821 Multa
923 757 962 820 de
985 755 1182 840 syngrapha,

163 847 201 910 de
225 844 335 929 Scapti
357 845 494 910 iniuriis.
539 843 666 930 Negavi
694 867 746 909 me
769 845 892 928 audire3
918 843 1069 908 hortatus
1098 866 1182 930 sum,

163 935 264 1018 petivi
287 933 386 998 etiam
408 956 467 1019 pro
490 933 570 997 meis
594 935 629 997 in
647 933 812 998 civitatem
829 933 1003 1018 beneficiis,
1026 936 1063 996 ut
1080 953 1182 1017 nego·

163 1022 247 1086 tium
270 1022 474 1106 conficerent,
505 1021 641 1106 denique
664 1021 732 1084 dixi
754 1043 806 1085 me
828 1023 1022 1086 coacturum.
1067 1019 1182 1084 Homi-

162 1131 221 1174 nes
243 1130 311 1173 non
333 1110 429 1174 modo
452 1131 519 1173 non
540 1131 696 1193 recusare,
720 1109 775 1172 sed
798 1110 897 1173 etiam
918 1108 981 1172 hoc
1003 1109 1120 1192 dicere,
1145 1131 1181 1172 se
1200 1135 1235 1174 ro

164 1219 256 1262 ame
280 1198 411 1262 solvere.
457 1196 550 1272 Quod
577 1197 662 1262 enim
689 1197 831 1280 praetori
858 1197 934 1261 dare
961 1201 1181 1282 consuessent,

164 1286 317 1369 quoniam
341 1307 400 1370 ego
424 1306 491 1349 non
514 1307 710 1369 acceperam,
738 1307 772 1349 se
799 1308 818 1349 a
840 1307 891 1349 me
919 1275 1059 1368 quodam
1081 1285 1180 1349 modo

164 1374 247 1459 dare,
271 1378 368 1457 atque
391 1373 489 1437 etiam
511 1373 618 1438 minus
642 1395 710 1438 esse
734 1373 899 1457 aliquanto
928 1373 963 1436 in
987 1372 1097 1456 Scapti
1118 1393 1181 1436 no-

163 1463 251 1526 mine
280 1484 377 1545 quam
404 1461 440 1526 in
469 1461 621 1546 vectigali
647 1463 819 1545 praetorio.
865 1458 1053 1526 Collaudavi
1075 1461 1181 1524 homi-

162 1571 229 1615 nes.
276 1549 408 1636 ‘Recte’,
435 1550 542 1634 inquit
566 1548 728 1634 Scaptius,
756 1549 824 1613 ‘sed
851 1550 1065 1613 subducamus
1093 1569 1180 1612 sum-
1198 1573 1230 1615 15

163 1639 271 1702 mam.2
293 1636 437 1724 Interim,
452 1660 525 1703 cum
535 1659 595 1723 ego
609 1638 645 1702 in
658 1637 761 1702 edicto
776 1637 977 1702 translaticio
987 1637 1179 1702 centesimas
1289 1658 1290 1666 ¹

163 1748 216 1790 me
243 1727 490 1791 observaturum
511 1725 664 1790 haberem
686 1747 760 1790 cum
780 1725 976 1789 anatocismo
998 1725 1180 1789 anniversa-

163 1815 223 1899 rio,
241 1815 297 1878 ille
311 1837 350 1878 ex
365 1814 548 1899 syngrapha
566 1813 753 1897 postulabat
768 1817 948 1896 quaternas.
982 1812 1076 1888 ‘Quid
1095 1811 1179 1876 ais?’

163 1903 309 1987 inquam,
340 1903 530 1986 ‘possumne
557 1906 670 1966 contra
696 1923 803 1964 meum
827 1901 1004 1965 edictum?'
1049 1899 1094 1964 At
1121 1899 1178 1963 ille

163 1991 287 2073 profert
319 1993 449 2054 senatus
481 1990 665 2054 consultum
692 1988 830 2052 Lentulo
857 1988 1073 2072 Philippoque
1104 2009 1178 2051 con·
1195 2015 1227 2054 ao

165 2078 303 2161 sulibus,
331 2078 400 2163 Vr,
428 2095 488 2154 ovi
511 2075 674 2142 Ormcmrr
697 2093 911 2162 carmuaar,
942 2093 997 2141 ivs
1024 2093 1073 2140 ax
1093 2093 1179 2140 mna

111 2181 144 2229 12
165 2181 373 2230 sineremur
400 2182 563 2230 monnau.
613 2163 773 2230 Cohorrui
804 2165 921 2249 primo,
958 2164 1077 2229 etenim
1108 2167 1179 2227 erat

163 2253 315 2316 interitus
334 2253 484 2319 civitatis.
520 2253 659 2336 Reperio
679 2253 742 2316 duo
762 2254 892 2317 senatus
911 2253 1058 2316 consulta
1075 2251 1180 2316 isdem

164 2341 350 2405 oonsulibus
365 2341 403 2404 de
421 2342 532 2405 eadem
550 2341 742 2426 syngrapha.
780 2338 947 2405 Salaminii
965 2362 1038 2404 cum
1053 2337 1179 2404 Itomae

164 2451 329 2493 versuram
350 2428 454 2494 faeere
476 2429 605 2513 vellent,
627 2451 694 2493 non
716 2431 876 2514 poterant,
899 2428 985 2513 quod
1006 2427 1060 2492 lex
1081 2425 1178 2492 Gabi·
1194 2454 1224 2495 2⁵

163 2515 218 2580 nia
233 2517 372 2581 vetabat.
405 2517 488 2580 Tum
504 2517 544 2582 iis
560 2516 656 2581 Bruti
673 2517 846 2581 familiares
863 2517 939 2580 freti
958 2516 1063 2601 gratia
1081 2515 1179 2580 Bruti

164 2604 238 2668 dare
256 2605 408 2668 volebant
428 2605 602 2688 quaternis,
626 2605 654 2668 si
677 2604 741 2668 sibi
764 2609 895 2668 senatus
918 2605 1065 2668 consulto
1090 2625 1179 2668 cave

163 2697 262 2756 retur.
308 2691 362 2756 Fit
385 2693 491 2777 gratia
513 2692 609 2756 Bruti
632 2695 763 2757 senatus
786 2693 982 2776 consultum,
1004 2691 1059 2756 VT
1081 2708 1177 2756 NEVE

166 2777 500 2864 SALAMINHS,N1‹2VE
527 2798 588 2857 QVI
616 2797 670 2844 ms
696 2795 1178 2866 Dunlssur,raavn1nssnr.

163 2865 338 2932 Pecuniam
366 2872 585 2934 numerarunt.
631 2867 677 2932 At
706 2872 820 2951 postea
848 2868 937 2931 venit
971 2868 1007 2931 in
1036 2871 1179 2932 mentem
1192 2893 1222 2934 ao

163 2955 420 3021 faeneratoribus
443 2956 527 3019 nihil
550 2977 585 3019 se
602 2955 712 3020 iuvare
735 2956 816 3020 illud
835 2960 965 3019 senatus
984 2956 1177 3042 consultum,

164 3044 252 3127 quod
274 3065 312 3108 ex
336 3044 520 3128 syngrapha
542 3044 593 3107 ius
612 3044 675 3108 diei
697 3045 751 3108 lex
770 3041 908 3108 Gabinia
926 3046 1057 3108 vetaret.
1094 3043 1179 3107 Tum

162 3133 202 3195 fit
225 3136 355 3196 senatus
379 3133 575 3216 consultum,
599 3131 653 3195 VT
676 3149 725 3196 nx
746 3149 794 3196 ΕΑ
817 3148 1024 3196 SYNGRAPHA
1046 3133 1070 3216 †
1093 3135 1178 3196 esset

163 3242 261 3304 quam
284 3222 416 3304 ceterae,
439 3221 494 3285 sed
516 3224 553 3284 ut
577 3220 696 3284 eodem.
743 3218 826 3284 Cum
848 3220 927 3284 haec
946 3219 1178 3304 disseruissem,

164 3308 286 3373 seducit
313 3329 365 3372 me
394 3307 557 3392 Scaptium
590 3307 636 3371 ait
664 3329 698 3371 se
724 3308 810 3372 nihil
836 3312 948 3373 contra
976 3307 1092 3392 dicere,
1122 3308 1178 3372 sed
1192 3333 1219 3375 aa

162 3396 238 3461 illos
261 3399 376 3480 putare
410 3397 531 3460 talenta
560 3411 601 3460 cc
629 3416 663 3459 se
690 3395 813 3460 debere.
863 3395 913 3460 Ba
937 3418 970 3459 se
992 3395 1075 3460 velle
1099 3396 1178 3460 acci·

161 3506 247 3568 pere.
283 3484 407 3549 Debere
430 3487 538 3549 autem
560 3483 635 3547 illos
658 3483 755 3566 paulo
779 3483 893 3548 minus.
930 3482 1048 3570 Rogat,
1066 3488 1103 3548 ut
1122 3504 1178 3549 eos
