2578 3886
157 115 222 180 298
482 113 520 167 Μ.
540 113 649 167 TULLI
667 111 857 168 CICERONIS

120 278 136 325 1
224 257 307 322 Cum
334 258 413 321 haec
436 257 646 340 scripsissem,
680 253 861 320 aCurione
884 255 966 319 mihi
988 257 1178 320 nuntiatum

157 351 206 411 est
230 367 303 410 eum
326 346 366 410 ad
389 367 440 410 me
463 345 580 410 venire.
618 344 761 408 Venerat
786 345 871 407 enim
894 344 977 407 isin
996 341 1178 408 Cumanum

157 436 281 518 vesperi
304 434 418 518 pridie,
441 433 474 496 id
498 436 546 496 est
564 431 684 496 Idibus.
723 430 758 495 Si
783 432 860 514 quid
878 431 981 515 igitur
1000 432 1069 496 eius
1089 433 1177 496 modi

158 545 262 586 sermo
290 523 359 586 eius
388 520 549 604 attulerit,
583 521 669 603 quod
697 521 737 584 ad
764 523 798 584 te
826 519 1030 584 scribendum
1058 521 1117 604 sit,
1144 521 1177 584 id

156 611 208 678 his
231 611 352 674 litteris
377 609 557 692 adiungam.
1207 633 1219 673 1

119 715 136 764 8
222 697 395 763 Praeteriit
423 697 536 760 villam
558 719 663 760 meam
687 694 785 760 Curio
809 696 969 779 iussitque
992 695 1074 760 mihi
1096 718 1178 760 nun-

156 787 232 850 tiari
260 808 338 851 mox
366 807 400 849 se
427 789 601 849 venturum
629 784 834 867 cucurritque
862 782 1031 869 Puteolos,
1063 787 1101 847 ut
1130 785 1179 848 ibi

157 875 409 939 contionaretur.
447 871 663 937 Contionatus
683 876 742 957 est,
764 871 870 954 rediit,
888 872 952 934 fuit
971 872 1081 936 adme
1100 893 1178 936 sane

156 963 220 1027 diu.
267 961 294 1026 Ο
322 984 391 1026 rem
418 961 557 1025 foedam!
594 958 694 1024 Nosti
720 961 899 1044 hominem3
931 960 1015 1023 nihil
1039 960 1179 1025 occulta·

156 1052 219 1136 vit,
246 1049 417 1133 inprimis
441 1049 525 1112 nihil
548 1071 617 1113 esse
640 1048 769 1133 certius,
793 1071 890 1133 quam
912 1051 951 1111 ut
975 1069 1096 1134 omnes,
1120 1049 1179 1133 qui
1193 1076 1222 1115 10

155 1138 228 1222 lege
250 1137 404 1221 Pompeia
434 1137 638 1202 condemnati
661 1141 783 1221 essent,
809 1135 1066 1200 restituerentur.
1112 1135 1180 1200 Ita·
1276 1169 1277 1178 ¹

156 1248 220 1308 que
244 1226 336 1290 sein
360 1224 470 1290 Sicilia
493 1247 605 1290 eorum
630 1247 727 1308 opera
750 1246 893 1288 usurum.
935 1222 984 1288 De
1008 1224 1179 1308 Hispaniis
1276 1245 1277 1252 ¹

156 1336 223 1378 non
246 1314 426 1398 dubitabat,
451 1313 529 1397 quin
549 1312 696 1378 Caesaris
720 1316 836 1377 essent.
873 1312 952 1377 Inde
975 1313 1083 1396 ipsum
1103 1335 1180 1378 oum
1277 1300 1278 1392 1

155 1403 311 1486 exercitu,
341 1403 535 1485 ubicumque
558 1401 730 1484 Pompeius
759 1404 851 1465 esset.
898 1400 979 1464 Eius
1007 1401 1180 1465 interitum

155 1491 254 1555 finem
272 1491 350 1573 †illi
371 1491 449 1555 fore.
486 1489 624 1574 Propius
647 1490 769 1553 factum
792 1511 861 1553 esse
884 1488 981 1572 nihil;
1004 1489 1064 1564 †ei
1081 1490 1180 1572 plane
1194 1515 1222 1555 15

155 1579 321 1644 iracundia
354 1579 475 1643 elatum
507 1578 650 1642 voluisse
678 1575 848 1641 Gaesarem
878 1576 979 1640 occidi
1006 1576 1180 1641 Metellum

156 1668 325 1732 tribunum
348 1668 391 1750 pl.
438 1666 530 1742 Quod
554 1667 581 1729 si
605 1669 690 1729 esset
713 1665 844 1743 factum,
873 1665 1000 1729 caedem
1023 1686 1180 1749 magnam

154 1757 298 1820 futuram
334 1756 443 1820 firisse.
497 1753 682 1819 Permultos
723 1753 907 1817 hortatores
950 1773 1020 1816 esse
1061 1754 1180 1841 caedis,

155 1844 262 1927 ipsum
288 1847 397 1907 sutem
418 1865 485 1907 non
507 1842 676 1906 voluntate
700 1844 757 1905 aut
778 1845 896 1905 natura
918 1861 985 1905 non
1014 1862 1084 1905 esse
1108 1863 1180 1906 111-
1278 1853 1279 1892 ῖ

155 1933 272 2015 delem,
300 1931 356 1995 sed
383 1931 469 2016 quod
496 1930 687 2014 popularem
708 1934 839 2011 putaret
866 1950 936 1992 esse
963 1930 1179 1994 clementiam.
1195 1957 1222 1995 ao

155 2019 278 2095 Quodsi
296 2019 410 2103 populi
429 2019 573 2083 studium
593 2017 762 2101 amisisset,
786 2017 948 2081 crudelem
966 2018 1043 2082 fore.
1078 2017 1181 2082 Eum-

156 2129 218 2190 que
241 2108 476 2191 perturbatum,
500 2106 586 2189 quod
609 2105 814 2190 intellegeret
832 2128 866 2169 se
885 2105 970 2189 apud
988 2105 1095 2187 ipsam
1113 2106 1181 2189 ple-

154 2197 229 2259 bem
252 2196 423 2260 offendisse
446 2196 485 2258 de
504 2194 636 2258 aerario.
673 2192 799 2280 Itaque,
821 2194 851 2258 ei
869 2215 942 2257 cum
961 2193 1181 2258 certissimum
1279 2183 1280 2268 1

155 2284 285 2370 fuisset,
322 2288 497 2366 antequam
526 2281 798 2366 proficisceretur,
831 2282 1016 2345 contionem
1047 2280 1181 2368 habere,

156 2395 271 2436 ausum
292 2393 361 2436 non
383 2393 452 2434 esse
475 2370 745 2453 vehementerque
765 2369 872 2432 animo
891 2370 1085 2453 perturbato
1104 2393 1181 2453 pro·
1196 2395 1223 2435 11
1279 2379 1280 2448 ζ

118 2461 284 2524 electum.
331 2457 413 2523 Cum
441 2462 549 2523 autem
579 2480 619 2521 ex
647 2479 684 2522 eo
715 2478 915 2541 quaererem,
944 2458 1022 2540 quid
1044 2458 1181 2545 videret,
1279 2455 1280 2486 ³

155 2570 251 2631 quem
279 2550 442 2629 eventum,
470 2569 568 2630 quam
594 2568 663 2610 rem
690 2545 868 2630 publicam,
895 2546 990 2629 plane
1012 2546 1180 2610 fatebatur

154 2636 277 2700 nullam
296 2657 385 2717 spem
403 2635 570 2719 reliquam.
602 2632 736 2716 Pompei
755 2635 892 2697 classem
909 2633 1055 2698 timebat.
1089 2633 1181 2709 Quae

155 2725 183 2787 si
207 2726 335 2805 exisset,
360 2744 392 2786 se
416 2723 455 2786 de
474 2721 585 2786 Sicilia
604 2722 778 2786 abiturum.
818 2720 915 2797 ‘Quid
932 2721 1012 2808 isti',
1034 2722 1181 2809 inquam,

154 2812 221 2874 ‘sex
240 2811 290 2874 tui
309 2811 432 2874 fasces?
471 2811 498 2875 si
517 2834 536 2874 a
555 2814 683 2895 senatu,
714 2832 770 2874 cur
788 2808 948 2874 laureati?
986 2810 1014 2874 si
1034 2809 1074 2874 ab
1094 2810 1180 2894 ipsc,
1195 2837 1222 2876 11

154 2920 210 2962 111
233 2899 323 2962 sexl'
361 2897 511 2983 ‘Cupivi',
539 2899 661 2983 inquit,
690 2898 740 2962 ‘ex
771 2901 902 2962 senatus
932 2897 1082 2962 consulto
1108 2920 1179 2962 sur-

122 2991 125 2998 ‘
153 2989 266 3070 rupto;
289 3009 365 3050 nam
389 2987 483 3050 aliter
505 3007 569 3051 111
593 2990 730 3069 poterat.
768 2984 815 3050 At
833 2986 888 3050 ille
907 2984 1070 3068 impendio
1090 3008 1180 3052 nunc

152 3074 257 3158 magis
286 3075 356 3138 odit
384 3079 539 3139 senatum.
585 3075 616 3138 A
643 3075 716 3158 me',
745 3074 869 3159 inquit,
899 3073 1020 3138 ‘omnia
1049 3075 1179 3157 profici-

154 3161 303 3226 scentur?
341 3160 418 3227 ‘Cur
442 3167 551 3226 autem
573 3164 663 3227 sex?
696 3161 986 3245 1111111111
1009 3183 1084 3225 nam
1103 3163 1179 3228 lice-

100 3267 133 3315 11
153 3251 231 3316 bat?
277 3249 361 3315 Tum
397 3272 456 3335 ego
486 3250 601 3327 ‘Quam
628 3250 765 3336 vellem',
796 3251 943 3335 inquam,
975 3250 1108 3333 ‘petisse
1136 3251 1178 3314 ab
1192 3273 1218 3315 11

153 3361 205 3424 11,
242 3339 329 3422 quod
361 3339 457 3403 audio
488 3338 678 3422 Philippum
710 3339 914 3421 impetrasse!
957 3336 1021 3403 Sed
1051 3338 1178 3402 veritus

153 3450 235 3514 sum,
258 3428 335 3511 quia
356 3427 412 3491 ille
436 3450 455 3492 a
477 3450 528 3492 me
551 3427 635 3490 nihil
657 3426 875 3509 impetrabat'
918 3425 1175 3512 111111111111’,111-
