2560 3880
1115 9 1195 89 τ

208 176 275 241 480
543 177 581 231 Μ.
601 177 708 232 TULLI
727 176 916 232 CICERONIS

209 321 250 384 in
272 320 387 384 fidem
411 323 514 385 tuam
539 343 557 384 a
579 341 715 404 meque
739 319 855 384 etiam
880 323 996 402 atque
1015 320 1140 383 etiam
1160 318 1233 382 tibi

209 408 507 472 commendatam
540 408 785 472 auctoritate
815 411 853 472 et
881 407 1028 471 auxilio
1057 411 1128 470 tuo
1159 410 1232 470 tec-

209 500 286 560 tam
319 496 417 560 valis
449 517 539 560 esse.
589 493 692 560 Satis
724 496 799 560 erit
828 497 868 559 in
896 499 1130 579 perpetuum
1163 493 1231 558 Bu-

209 584 372 648 throtiis
396 583 598 669 praesidii,
620 605 833 668 magnaque
856 605 946 647 cura
969 587 1008 647 et
1032 583 1230 646 sollicitu-

210 671 299 736 dine
326 670 502 736 Atticum
529 675 566 736 et
593 693 649 735 me
676 672 873 756 liberaris,
904 671 936 735 si
963 671 1037 735 hoc
1066 671 1258 734 honoriss

209 761 281 824 mei
312 781 424 824 causa
457 760 687 844 susceperis,
717 763 759 823 ut
787 781 849 824 eoa
878 781 1026 842 semper
1055 781 1075 822 a
1103 763 1144 822 te
1175 759 1229 823 de-

210 848 341 912 fensos
373 848 480 912 velis.
534 847 642 924 Quod
674 851 715 911 ut
744 847 881 933 facias,
912 851 949 911 te
981 847 1228 911 vehementer

211 937 327 1000 etiam
354 939 469 1018 atque
497 936 615 999 etiam
642 936 756 1020 rogo?

173 1042 192 1088 4
277 1023 339 1087 His
368 1024 487 1088 litteris
519 1023 649 1107 scriptis
681 1045 732 1086 me
760 1022 800 1086 ad
828 1021 1000 1100 συντάξεις
1027 1022 1117 1106 dedi3
1152 1044 1227 1106 quae

212 1112 341 1194 quidem
372 1133 483 1175 vereor
513 1134 555 1175 ne
586 1112 721 1175 miniata
749 1110 856 1175 cerula
882 1114 939 1174 tua
968 1110 1123 1194 pluribus
1151 1111 1226 1174 locis
1237 1138 1253 1174 11

210 1200 370 1263 notandae
402 1200 477 1263 sint.
523 1201 574 1263 Ita
602 1221 674 1264 sum
701 1197 863 1284 μετέωρος
890 1201 923 1262 et
951 1199 1079 1282 magnis
1110 1200 1226 1283 cogita

114 1345 118 1350 ,
210 1287 355 1351 tionibus
379 1287 560 1371 impeditus.

681 1462 752 1527 XV.

428 1582 486 1637 Ser.
501 1584 532 1636 ia
550 1582 664 1637 Antiati
681 1584 726 1637 Id.
740 1585 805 1638 Iao.
821 1602 847 1638 a.
864 1587 919 1639 710
939 1587 1005 1652 (44).

514 1705 659 1760 CICERO
677 1705 823 1760 ATTICO
842 1707 924 1761 SAL.
1232 1715 1249 1753 1⁵

175 1833 189 1880 1
277 1815 311 1878 L.
331 1813 476 1878 Antonio
495 1813 578 1877 male
597 1813 649 1896 sit,
673 1813 701 1876 si
720 1813 849 1895 quidem
867 1813 1051 1884 Buthrotiis
1070 1816 1220 1879 molestus
1264 1869 1265 1874 ,

210 1905 273 1967 est!
306 1902 379 1986 Fgc
398 1901 622 1964 testimonium
642 1902 818 1986 composui,
841 1902 936 1985 quod,
959 1924 1032 1966 cum
1050 1903 1152 1988 voles,
1175 1903 1220 1966 ob·
1264 1889 1265 1925 ¹

210 1990 399 2074 signabitur.
441 1987 601 2052 Nummos
624 1988 842 2075 Arpinatium,
865 1991 894 2054 si
916 1989 951 2053 L.
970 1989 1090 2054 Fadius
1116 1991 1219 2055 aedilis
1263 2045 1264 2050 ,

209 2083 311 2163 petet,
342 2078 394 2142 vel
427 2099 537 2140 omnes
570 2076 703 2141 reddito.
753 2077 826 2160 Ego
857 2077 898 2140 ad
927 2081 959 2141 te
992 2078 1056 2142 alia
1087 2079 1219 2162 epistula
1263 2057 1264 2117 i

210 2166 324 2249 scripsi
354 2167 390 2229 de
421 2164 477 2229 Hs
505 2167 564 2249 di,
593 2186 675 2248 quae
704 2164 810 2228 Statio
840 2170 1037 2230 curarentur.
1086 2165 1122 2230 si
1150 2177 1263 2250 ergon

210 2259 297 2336 petet
326 2252 461 2337 Fadius,
490 2253 519 2316 ei
549 2252 623 2317 volo
651 2252 755 2336 reddi,
781 2257 909 2336 praeter
931 2253 1068 2318 Fadium
1094 2255 1217 2318 nemini.

209 2340 306 2424 Apud
328 2363 379 2404 me
402 2340 519 2421 †item
542 2344 622 2423 puto
646 2341 837 2422 depositum.
882 2340 921 2405 Id
944 2342 1058 2425 scripsi
1082 2343 1123 2406 ad
1145 2343 1218 2407 Ero·
1261 2383 1262 2412 1

210 2433 276 2492 tem
297 2432 335 2491 ut
357 2427 510 2492 redderet.
1261 2415 1262 2503 i

175 2536 190 2580 2
277 2515 436 2599 Reginam
459 2516 520 2580 cdi.
557 2514 595 2579 Id
617 2538 668 2579 me
690 2515 760 2579 iure
783 2517 886 2581 facere
910 2516 971 2582 scit
996 2539 1136 2601 sponsor
1153 2539 1217 2602 pro·

209 2603 383 2667 missorum
411 2605 478 2668 eius
506 2602 712 2688 Ammonius,
741 2624 822 2686 quac
850 2606 981 2688 quidem
1009 2610 1102 2670 erant
1131 2609 1244 2691 prid-s

210 2695 292 2772 λογα
324 2695 356 2753 et
388 2691 557 2775 dignitatis
588 2713 692 2777 meac,
723 2699 760 2755 ut
791 2692 843 2756 vel
874 2693 910 2756 in
939 2694 1090 2757 contione
1122 2695 1216 2758 dicere
1259 2775 1260 2778 Ἴ

211 2777 366 2841 auderem.
413 2777 515 2842 Saran
545 2784 668 2863 autem,
698 2784 923 2864 praeterquam
951 2781 1038 2864 quod
1064 2783 1216 2846 nefarium

209 2865 382 2950 hominem,
400 2868 537 2950 cognovi
555 2872 720 2950 praeterea
737 2869 772 2931 in
790 2891 841 2932 me
860 2873 1088 2933 contumacem.
1120 2869 1215 2935 Semel

210 2975 283 3017 eum
307 2954 438 3017 omnino
462 2955 548 3018 domi
571 2977 659 3019 meae
678 2956 753 3020 vidi.
791 2954 873 3020 Cum
892 2961 1110 3042 φιλοφρόνως
1129 2981 1168 3022 ex
1185 2979 1214 3021 eo

210 3063 403 3126 quaererem,
427 3042 503 3124 quid
521 3064 602 3124 opus
621 3047 716 3125 esset,
739 3043 886 3108 Atticum
906 3067 939 3108 se
959 3046 1042 3109 dixit
1062 3065 1242 3129 quaererer

210 3128 399 3212 Superbiam
429 3133 536 3193 autem
558 3131 660 3213 ipsius
684 3132 827 3218 reginae,
854 3155 927 3197 cum
950 3138 1035 3198 esset
1057 3137 1149 3198 trans
1171 3134 1214 3197 Ti-

208 3217 311 3281 berim
333 3218 368 3281 in
389 3218 504 3301 hortis,
527 3239 774 3283 commemorare
799 3221 867 3284 sine
889 3242 1007 3305 magno
1027 3222 1140 3287 dolore
1157 3245 1214 3287 nou

209 3326 349 3385 possum.
391 3304 484 3369 Nihil
507 3305 609 3389 igitur
632 3328 704 3370 cum
727 3307 814 3392 istis3
836 3329 895 3372 nec
917 3314 985 3373 tam
1008 3310 1154 3375 animum
1171 3331 1213 3374 me

210 3413 306 3472 quam
330 3392 529 3456 stomachum
551 3392 669 3456 habere
692 3395 898 3460 arbitrantur.

175 3493 190 3537 a
275 3479 510 3544 Profectionem
540 3502 655 3565 meam,
683 3486 720 3543 ut
747 3482 853 3568 video,
879 3484 992 3548 Erotis
1020 3479 1255 3568 dispensatioc'
