2484 3886
176 105 221 159 cx
494 82 705 156 nououruo
726 101 869 155 carmon

175 244 322 312 numen,
341 245 461 312 emesa,
480 244 585 311 uniar,
604 242 744 311 uerene,
760 244 800 297 m·
813 243 864 311 u1,
883 245 945 296 666
958 242 1010 309 Μ’,
1025 243 1109 309 Boot,
1125 243 1199 313 Tyr-
1235 225 1236 234 '

175 316 236 383 rell,
256 315 391 383 Schmidt,
410 316 475 369 caat
493 314 629 381 Lambin,
648 313 741 367 Moser
758 329 850 381 progr.
871 313 935 366 Ulm
955 318 1024 366 1841
1044 332 1072 382 p.
1089 319 1136 367 20.
1190 317 1200 383 ιζ’Ι

211 387 246 439 P.
256 386 351 440 880.1
371 403 453 454 qaam
470 391 502 440 66
519 401 614 452 qaam
630 385 747 438 mevinec
765 381 882 451 Tyrrell.
897 414 932 424 -
952 389 968 436 6
986 400 1045 437 non
1058 401 1114 453 pro
1130 402 1201 438 acm
1236 407 1237 465 p

175 458 253 524 vett,
265 456 369 523 Baiter,
380 454 522 522 Wesenb.,
532 455 667 522 Schmidt,
685 471 751 508 nam
764 454 847 507 habco
860 455 1022 507 neminem
1035 454 1140 508 Kahnt
1154 473 1199 523 pr.

176 526 252 580 Zeitz
263 531 333 579 1844
341 545 367 596 p.
379 531 404 580 8.
418 557 454 565 -
467 531 484 578 8
498 531 583 579 tecum
597 522 718 590 Oorrad,
728 523 870 591 Wesenb.‚
884 531 908 577 te
923 524 1015 591 codd,
1030 525 1109 593 vulg.
1122 526 1201 578 into-

175 596 276 664 1666,
299 599 332 649 66
353 595 424 650 mihi
442 595 560 648 videtur.
599 593 638 648 of.
658 595 696 648 ad
709 612 736 663 p.
748 599 838 648 7623.
857 625 893 632 -
910 593 950 648 Ib.
966 596 1012 648 sia
1026 595 1112 648 codd.
1131 597 1202 665 (sint

175 669 233 737 ton),
252 667 360 735 Baiter,
384 665 505 734 Tyrrell,
524 664 663 732 Schmidt,
686 666 712 718 oi
729 663 817 733 vulg,
834 663 981 731 Wesenb.,
1000 665 1082 719 Boot.
1104 697 1144 706 -
1164 672 1199 718 21
1237 712 1238 734 ,

176 755 199 790 v.
220 737 347 791 Schmidt
369 754 395 804 p.
410 740 475 804 487,
500 734 611 802 Tyrrell
633 751 676 803 ep.
691 740 756 801 679,
780 736 807 788 V
825 741 875 788 aut
899 735 950 787 IV
969 735 1046 788 Noa.
1072 735 1201 790 Schiche
1237 763 1238 784 ι

175 807 268 870 Herm.
283 806 373 859 XVIII
387 824 414 874 p.
430 811 490 871 614,
507 806 618 859 ineante
635 823 669 858 m.
685 805 767 858 Maio
780 804 884 870 Baiter,
899 804 1032 858 Wesenb.
1047 837 1085 844 -
1106 813 1145 859 27
1157 825 1199 874 sq.

179 895 249 946 qaae
263 877 292 945 (Z
298 880 320 946 l)
339 908 373 915 -
391 877 436 929 dic
453 875 509 928 huc
522 875 652 928 transtul.
667 874 786 928 Schuetz
798 877 861 944 (scr.
885 875 920 927 H
921 893 958 929 ae
972 877 1081 930 litterae
1095 893 1113 930 6
1130 878 1201 931 Bosi

180 948 304 1015 ‘codd.'),
323 945 451 999 Schmidt
464 945 543 1015 (‘Der
556 945 764 998 Briefwechssl’
780 963 807 1013 p.
822 947 893 1015 280),
907 945 1026 1014 Tyrrell,
1036 965 1061 1000 v.
1079 953 1116 1001 26
1132 952 1203 1017 post

176 1019 272 1072 hahere
290 1016 369 1070 codd.
390 1018 418 1069 66
436 1015 520 1084 vulg,
538 1015 635 1068 Baiter
657 1017 737 1086 [6666
758 1017 809 1070 hae
830 1046 867 1055 —
884 1016 953 1085 dieJ,
972 1016 1045 1069 Boot
1059 1017 1130 1072 Hae
1146 1021 1200 1074 titt.
1238 1018 1239 1056 t

177 1093 329 1140 -30-32
344 1087 524 1154 qai-fecis
537 1086 567 1138 in
581 1085 857 1154 parenth.Wesenb.,
870 1085 950 1138 Boot.
969 1086 1015 1139 Ad
1024 1105 1051 1156 p.
1063 1093 1106 1141 16.
1119 1095 1165 1144 14.
1192 1091 1202 1160 Ι)
1238 1101 1239 1106 ’

212 1158 247 1211 P.
262 1156 332 1210 981.
347 1163 363 1209 3
381 1159 512 1210 maec'ma
529 1156 671 1221 wosenh,
689 1157 769 1222 Boot,
788 1155 904 1224 Tyr-rell.
924 1156 970 1208 Ad
982 1174 1010 1225 p.
1026 1163 1089 1211 262.
1107 1165 1201 1212 16.-

176 1234 194 1281 4
212 1228 289 1281 corbis
311 1227 355 1281 Fr.
380 1226 508 1279 Schmidt
529 1243 621 1295 progr.
645 1225 771 1280 Norimb.
792 1231 860 1279 1879
878 1245 905 1294 p.
921 1231 963 1290 86,
982 1228 1033 1280 abi
1051 1230 1092 1282 sis
1112 1231 1200 1284 codd.

178 1300 207 1350 66
225 1297 297 1365 edd,
315 1297 387 1350 Boot
406 1314 469 1350 cum
488 1313 576 1362 cruce,
595 1296 723 1348 defendit
740 1296 857 1364 Ipnell.
893 1296 966 1349 Boot
985 1300 1062 1351 certe
1084 1299 1201 1370 ‘Longe

176 1367 277 1420 melius
301 1367 442 1421 sententia
465 1367 604 1435 procedit,
629 1366 653 1419 si
676 1365 717 1419 sic
739 1366 876 1435 corrigas:
898 1369 1096 1436 propinquitas
1111 1388 1201 1438 prac-

176 1443 249 1492 terea
265 1439 343 1492 atilio
361 1437 414 1506 (vel
432 1438 521 1503 cabis,
539 1440 572 1490 ut
590 1436 710 1489 correxit
727 1436 771 1489 I'r.
791 1436 941 1506 Schmidt),
960 1454 995 1491 ne
1013 1445 1102 1493 totum
1123 1443 1202 1496 diem

178 1509 210 1561 ia
224 1509 319 1562 villam
336 1525 362 1562 n:
385 1508 415 1560 in
433 1506 642 1560 Tusculanum!
666 1538 701 1546 -
722 1505 763 1559 Ib.
777 1507 810 1560 ia
826 1508 929 1561 vittam
948 1507 1039 1575 codd,
1059 1509 1148 1566 Boot.
1164 1513 1199 1565 V.

176 1597 204 1647 p.
220 1583 320 1644 64.16;
347 1577 403 1631 nisi
426 1577 498 1630 forte
517 1575 612 1630 Cicero
631 1577 744 1645 scripsit
761 1578 804 1630 66
821 1578 927 1645 vittam,
951 1578 1028 1645 quod
1047 1578 1201 1636 invenitur
1240 1628 1241 1648 ,

176 1665 232 1702 non
260 1648 350 1702 solum
373 1648 399 1701 S.
418 1648 602 1702 Rosc.15.44
625 1650 654 1700 66
681 1646 753 1700 Tull.
768 1651 793 1700 8.
808 1652 842 1700 20
870 1647 1029 1716 (Landgraf
1053 1649 1081 1703 S.
1109 1651 1199 1708 Raso,

178 1737 203 1788 p.
218 1721 294 1789 219),
313 1719 362 1772 sed
381 1718 468 1772 etiam
484 1717 562 1772 Verr.
582 1717 620 1769 IV
636 1723 676 1771 16.
692 1722 725 1770 86
749 1718 787 1770 66
808 1718 889 1771 villos
911 1724 981 1772 6666.
1001 1749 1037 1760 -
1062 1725 1079 1772 7
1098 1729 1136 1776 at
1155 1726 1202 1776 mi

178 1791 337 1844 stomachato
359 1787 423 1854 alii,
442 1787 563 1856 Tyrrell,
587 1787 663 1855 quod
680 1786 710 1839 in
729 1786 758 1839 M
777 1789 820 1840 est
837 1794 869 1842 66
885 1789 918 1840 in
934 1789 1122 1846 iswmachere.
1165 1794 1199 1849 V.

177 1861 214 1912 ad
232 1878 258 1928 p.
275 1865 370 1926 luat,
390 1864 484 1912 101.4.
507 1889 542 1897 —
568 1863 583 1909 9
607 1858 686 1910 66666
705 1873 771 1910 aon
788 1858 853 1924 crit,
875 1875 934 1912 ntea
953 1858 1107 1930 Graevius,
1130 1864 1199 1917 edd.

176 1933 288 1998 praeter
309 1928 453 1993 Bootium,
477 1927 525 1994 qui
549 1944 599 1980 scr.
617 1926 639 1980 Ι.
653 1927 697 1980 Fr.
713 1926 851 1981 Gronovio
876 1931 990 1982 auctore
1012 1931 1090 1984 nihil
1112 1935 1202 1990 aliud

176 2001 228 2054 erit
244 2030 279 2040 -
298 1997 402 2052 emmo?
437 1996 470 2050 V.
493 1997 638 2050 Lehmann
660 1996 785 2060 Quaestt.
804 2016 831 2066 p.
846 2003 931 2065 43sq.
955 2031 991 2039 -
1016 2006 1050 2053 14
1061 2019 1106 2069 sq.
1128 2011 1201 2058 tam

177 2071 270 2137 pretio
287 2100 322 2108 -
340 2075 390 2122 666
403 2084 485 2135 qaam
499 2068 659 2120 auctoritate
672 2066 790 2135 Tyrrell,
803 2067 904 2120 laudat
917 2069 989 2123 Boot
1002 2070 1110 2126 Mnem.
1124 2080 1199 2128 1892

176 2157 202 2206 p.
219 2143 283 2205 124,
301 2138 393 2207 pratia
411 2167 446 2177 -
464 2143 513 2191 666
531 2153 613 2204 qaam
631 2139 792 2192 auctoritate
811 2138 899 2205 codd,
917 2141 1011 2209 pratia
1025 2171 1061 2180 -
1076 2149 1201 2214 tuaque

177 2215 248 2262 auct.
277 2207 405 2260 Schmidt
438 2222 526 2273 aeque
558 2206 736 2260 intolerabile
765 2224 797 2261 ac
823 2226 850 2277 p.
871 2214 962 2263 6232
990 2211 1087 2265 vetlem
1115 2231 1201 2284 epooc

176 2295 305 2346 cuperem,
333 2279 425 2346 pratia
442 2283 494 2330 666
507 2307 541 2316 -
554 2283 655 2344 tuoque
663 2277 799 2344 Lambin,
818 2278 922 2344 Baiter,
936 2278 1082 2348 Wesenb.,
1099 2288 1201 2353 pratia

177 2379 211 2388 —
229 2355 279 2402 666
297 2354 397 2415 tuaque
410 2347 490 2400 Boot.
504 2378 539 2386 -
558 2351 591 2399 18
602 2364 661 2414 sqq.
676 2347 835 2416 Epistulam
849 2352 963 2417 separat
976 2349 1110 2406 Schmidt
1127 2355 1201 2409 ‘Der

178 2417 385 2470 Briefwechsel'
405 2434 432 2485 p.
448 2422 498 2470 279
510 2434 549 2483 sq.
570 2419 599 2469 et
616 2423 677 2484 488,
696 2434 780 2484 quem
799 2419 926 2486 sequitur
943 2420 1085 2488 Tyrrelle
1109 2467 1115 2477 .
1133 2432 1200 2494 680,

177 2487 251 2556 vulg.
272 2487 445 2541 continuant.
463 2519 498 2526 —
517 2492 551 2538 23
573 2504 658 2555 nepae
679 2489 750 2541 caim
773 2504 837 2542 curo
857 2489 887 2542 in
906 2490 1035 2558 parenth.
1096 2497 1200 2550 esenh.

176 2558 221 2610 Ad
234 2576 261 2626 p.
271 2563 360 2610 1c.14.
370 2589 405 2597 —
420 2562 453 2610 26
468 2557 576 2611 Scribes
591 2556 685 2624 Orelli,
695 2557 799 2627 Balter,
809 2558 926 2628 Tyr-rell,
937 2560 1076 2630 Schmidt,
1087 2568 1201 2622 scribas

176 2628 265 2694 codd,
283 2627 428 2692 Wesenb.,
447 2627 525 2680 Boot.
562 2627 607 2679 Ad
624 2646 651 2696 p.
667 2633 780 2682 37619.
809 2661 844 2668 -
871 2635 905 2682 29
924 2637 1004 2699 atquc
1022 2634 1110 2688 666666
1128 2641 1201 2705 post

175 2699 257 2752 etiam
276 2697 339 2751 add.
354 2697 441 2765 Koch,
460 2697 600 2764 Wesenb,
618 2697 696 2766 prob.
715 2698 794 2752 Boot.
828 2697 868 2752 cf.
884 2701 921 2752 ad
935 2719 961 2770 p.
976 2707 1020 2755 49.
1037 2708 1081 2758 23.
1103 2737 1143 2747 -
1164 2714 1199 2762 31

176 2785 199 2820 v.
211 2767 328 2821 Schiche
342 2766 435 2821 Herm.
450 2766 540 2820 XVIII
553 2785 580 2835 p.
594 2772 647 2820 694
661 2771 755 2821 66614
769 2769 813 2837 (Ἷ
815 2770 841 2823 V
851 2771 915 2824 oder
928 2772 985 2824 ΙΙΙ
993 2772 1070 2828 Noa.
1084 2776 1200 2848 Mai.'),

178 2837 305 2892 Schmidt
335 2855 362 2906 p.
382 2843 447 2905 488,
479 2838 590 2891 ineante
616 2854 703 2892 mense
731 2839 811 2892 Maio
839 2839 944 2906 Baiter,
972 2841 1110 2898 Wesenb.
1191 2849 1201 2920 ΙΙ

211 2909 246 2962 Ρ.
259 2906 328 2961 882.
343 2913 421 2975 1266,
444 2926 468 2961 v.
489 2906 606 2960 Schiche
624 2908 717 2962 Herm.
732 2909 822 2960 XVIII
840 2915 892 2963 689
911 2914 941 2964 66
959 2917 1011 2964 614
1030 2914 1116 2982 CIII
1130 2921 1202 2973 oder

173 2979 246 3046 prid.
270 2979 344 3032 Non.
369 2978 478 3046 Mna),
503 2977 631 3030 Schmidt
653 2994 694 3046 ep.
714 2984 779 3045 682,
805 2979 915 3047 Tyrrell
933 2998 976 3050 ep.
992 2987 1054 3037 682.
1080 2986 1200 3042 Priores

176 3048 255 3102 editt.
275 3047 348 3100 hanc
363 3047 443 3129 epist.
458 3047 600 3100 XXXVIII
614 3064 631 3100 a
644 3047 754 3101 faciunt
763 3055 794 3113 ἐξ
805 3055 820 3101 9
831 3052 885 3103 664
895 3051 1036 3120 epistulae
1047 3055 1202 3112 XXXVIII

175 3120 286 3186 praeter
304 3118 443 3185 Bootrum,
462 3118 511 3185 qui
530 3118 656 3185 sequitur
669 3117 837 3172 Sohiehium.
851 3151 887 3160 —
906 3127 940 3173 20
958 3130 1033 3178 saat
1047 3123 1190 3183 Wesenb.

175 3187 284 3256 uyneu
302 3186 382 3242 falso.
407 3188 439 3242 v,
454 3189 492 3241 ad
511 3194 569 3241 roc.
582 3193 605 3244 s.
624 3219 660 3228 -
678 3194 711 3241 23
731 3189 851 3243 66666
868 3192 905 3245 se
922 3191 1051 3263 Ursinus,
1072 3174 1200 3268 Tyrreuj

174 3258 323 3327 manime
346 3258 537 3314 literatt'ssima
559 3257 705 3325 Wesenb.,
728 3258 789 3310 sine
812 3276 893 3314 cruce
910 3262 996 3329 Boot,
1016 3282 1202 3336 quamquam

177 3329 252 3382 ‘cum
276 3328 413 3382 Gronovio
436 3331 553 3384 manime
576 3329 696 3382 liberatis
714 3329 892 3383 scribendum
911 3336 1028 3402 censet’,
1048 3338 1201 3410 dolopes-im

175 3400 301 3467 manime,
319 3417 389 3469 qaae
407 3407 445 3455 est
463 3400 654 3454 6606666666
671 3398 808 3468 Lambin,
826 3400 931 3472 Baiter,
951 3403 1091 3463 Schmidt.
1108 3441 1146 3452 -
1165 3418 1200 3466 25
