2586 3886
186 187 251 250 172
506 185 544 241 Μ.
564 185 671 240 TULLI
689 184 878 241 CICERONIS

185 329 309 415 aliquid
343 329 497 414 perdere?
523 316 525 320 ’
548 328 726 405 Quaternas
762 329 904 394 habebat
935 329 970 393 in
1007 330 1209 415 syngrapha.

184 417 272 483 Fieri
293 440 361 483 non
382 422 525 502 poterat,
556 439 629 503 nec,
659 418 687 482 si
716 421 840 502 posset,
871 439 930 502 ego
960 419 1030 502 pati
1061 440 1205 502 possem.

184 505 292 571 Audio
316 507 447 571 omnino
473 504 638 589 Scaptium
661 507 833 589 paenitere.
879 504 978 591 Nam,
1002 506 1088 591 quod
1112 529 1205 570 sena-

184 598 239 658 tus
262 596 447 659 consultum
469 615 539 658 esse
561 593 697 678 dicebat,
720 599 758 658 ut
780 594 832 658 ius
855 615 894 658 ex
914 594 1100 679 syngrapha
1118 594 1202 660 dioe-

184 687 283 769 retur‚
306 704 343 748 eo
363 681 498 748 consilio
516 682 639 746 factum
657 686 716 766 est,
739 682 826 766 quod
843 683 1012 765 pecuniam
1031 680 1202 747 Salaminii
1242 710 1264 750 5

185 775 298 835 contra
328 771 433 855 legem
463 768 634 834 Gabiniam
664 775 874 854 sumpserant.
920 769 1064 835 Vetabat
1091 775 1204 836 autem

184 858 264 923 Auli
292 859 346 922 lex
374 859 425 922 ius
455 858 518 922 dici
548 859 586 922 de
615 859 663 922 ita
693 862 824 943 sumpta
854 859 995 942 pecunia.
1048 858 1203 924 Decrevit

184 947 287 1032 igitur
319 950 463 1032 senatus,
499 950 537 1010 ut
567 947 619 1010 ius
651 947 808 1011 diceretur
840 968 878 1012 ec
908 947 973 1012 ista
1005 947 1201 1032 syngrapha.

185 1033 281 1099 Nunc
302 1035 367 1099 ista
392 1034 493 1099 habet
519 1035 599 1099 iuris
622 1035 707 1099 idem
734 1035 821 1118 quod
842 1039 978 1120 ceterae,
1004 1035 1088 1099 nihil
1110 1058 1202 1120 prae-

149 1122 281 1206 scipui.
325 1121 414 1186 Haec
441 1145 459 1186 a
482 1145 533 1186 me
561 1123 671 1187 ordine
696 1122 782 1187 facta
808 1127 889 1207 puto
916 1145 968 1188 me
994 1124 1098 1188 Bruto
1125 1147 1202 1208 pro·
1218 1152 1258 1192 ιο

183 1211 352 1297 baturum3
373 1210 436 1275 tibi
457 1211 580 1296 nesci03
604 1209 720 1276 Catoni
743 1215 829 1275 certe
847 1211 1000 1295 probabo.

252 1295 314 1363 Sed
331 1299 397 1364 iam
415 1300 455 1362 ad
473 1303 506 1362 te
524 1299 631 1382 ipsum
649 1303 800 1364 revertor.
828 1298 895 1364 Ain
917 1301 1056 1386 tandem,
1078 1300 1202 1386 Attice,

184 1387 333 1451 laudator
356 1387 555 1472 integritatis
579 1391 611 1450 et
635 1387 814 1472 elegantiae
836 1392 978 1473 nostrae,

253 1511 383 1575 ‘ausus
412 1521 452 1575 es
477 1511 550 1574 hoo
579 1532 622 1574 ex
650 1533 714 1575 ore
741 1515 808 1576 tuo
837 1549 879 1558 -
903 1512 969 1598 —',

183 1651 292 1734 inquit
314 1651 449 1736 Ennius,
471 1656 510 1716 ut
533 1652 657 1735 equites
682 1650 812 1736 Scaptio
836 1651 877 1715 ad
894 1653 1064 1736 pecuniam
1084 1673 1201 1738 cogen·
1217 1681 1248 1721 15

184 1739 258 1804 dam
280 1739 398 1825 darem,
420 1762 471 1804 me
493 1741 629 1824 rogare?
674 1739 728 1804 An
749 1744 796 1825 tu,
820 1741 849 1804 si
871 1761 997 1806 mecum
1020 1762 1117 1826 esses,
1142 1742 1201 1825 qui

184 1828 302 1892 scribis
325 1828 464 1892 morderi
487 1832 520 1892 te
538 1829 709 1913 interdum,
732 1828 817 1912 quod
834 1849 901 1893 non
920 1829 1018 1893 simul
1035 1829 1089 1914 sis,
1112 1835 1203 1913 pate·

184 1937 254 1980 rere
277 1915 519 2000 meidfacere‚
543 1915 730 1981 rivallem?
777 1914 870 1981 ‘Non
893 1917 1031 2001 amplius
1039 1918 1058 2001 ⁹,
1080 1918 1202 2002 inquis,

186 2003 454 2088 ‘quinquaginta’
486 2002 568 2068 (lum
587 2000 741 2088 Spartaco
765 2005 871 2068 minus
894 2005 990 2069 multi
1012 2005 1116 2088 primo
1134 2006 1202 2070 fue

184 2095 269 2156 runt.
307 2090 391 2166 Quid
412 2092 543 2156 tandem
565 2092 622 2155 isti
644 2093 723 2156 mali
741 2092 777 2156 in
794 2097 862 2156 tam
880 2096 991 2157 tenera
1008 2094 1116 2157 insula
1133 2115 1201 2158 non
1215 2123 1247 2161 20

183 2179 357 2243 fecissent?
393 2177 470 2244 Non
491 2180 644 2244 fecissent
667 2180 796 2245 autem?
824 2181 923 2245 imrno
949 2181 1026 2264 quid
1050 2185 1124 2245 ante
1148 2182 1201 2246 ad-

183 2270 318 2330 ventum
340 2289 448 2332 meum
469 2288 537 2332 non
558 2267 724 2332 fecenmt?
761 2267 927 2333 Inclusum
950 2270 1093 2333 incuria
1112 2291 1201 2334 sena

184 2357 256 2419 tum
278 2355 463 2419 habuerunt
487 2354 698 2419 Salaminium
721 2357 769 2420 ita
791 2357 912 2421 multos
938 2357 1019 2442 dies,
1043 2361 1080 2421 ut
1102 2358 1201 2422 inter·

184 2443 282 2506 ierint
311 2464 379 2507 non
407 2443 490 2507 nulli
518 2443 611 2508 fame.
664 2444 746 2510 Erat
780 2445 866 2508 enim
900 2445 1081 2528 praefectus
1112 2445 1201 2530 Appi

184 2527 334 2614 Scaptius
362 2535 395 2595 et
421 2529 562 2596 habebat
589 2535 714 2596 turmas
738 2533 778 2597 ab
796 2532 913 2616 Appio
959 2532 997 2597 Id
1019 2556 1070 2598 me
1097 2534 1201 2619 igitur
1214 2560 1243 2602 25

184 2621 231 2703 tu,
254 2619 344 2682 cuius
368 2619 548 2684 mehercule
568 2641 604 2684 os
622 2621 704 2684 mihi
727 2625 802 2684 ante
826 2622 936 2686 oculos
962 2621 1046 2686 solet
1069 2623 1201 2710 versari,

183 2726 257 2770 cum
280 2707 319 2770 de
341 2707 450 2790 aliquo
475 2708 582 2772 officio
606 2730 643 2772 ac
659 2709 753 2773 laude
776 2709 895 2795 cogito,
917 2713 954 2773 tu
974 2732 1034 2794 me,
1057 2711 1200 2796 inquam,

183 2814 290 2879 rogas,
312 2796 494 2878 praefectus
518 2800 555 2860 ut
574 2793 724 2880 Scaptius
749 2797 815 2862 sit?
842 2797 934 2862 Alias
957 2797 1020 2862 hoc
1044 2803 1201 2863 statuera

184 2903 265 2965 mus,
288 2887 326 2946 ut
347 2884 586 2968 negotiatorem
608 2885 777 2970 neminem,
799 2886 896 2968 idque
918 2885 1024 2950 Bruto
1047 2887 1200 2970 probara-

183 2991 264 3034 mus.
310 2969 439 3035 Habeat
462 2972 490 3035 is
514 2974 659 3037 turmas?
688 2995 744 3038 cur
771 2973 881 3057 potius
906 2995 1003 3057 quam
1026 2974 1199 3039 cohortes?
1214 3002 1243 3040 ao

147 3055 325 3142 oSumptu
348 3060 413 3123 iam
435 3080 537 3144 nepos
561 3062 667 3126 evadit
691 3060 848 3146 Scaptius.
895 3061 1057 3146 ‘Volunt',
1080 3062 1200 3148 inquit,

184 3145 378 3230 ‘principes'.
416 3147 503 3234 Sci03
521 3171 597 3213 nam
616 3150 656 3214 ad
669 3173 720 3214 me
735 3150 901 3234 Ephesum
919 3170 1022 3234 usque
1039 3157 1201 3215 venerunt

183 3235 361 3319 flentesque
385 3237 531 3320 equitum
554 3238 673 3303 seelera
691 3241 724 3302 et
746 3237 892 3302 miserias
913 3259 988 3301 suas
1007 3238 1201 3303 detulenmt.

183 3320 299 3407 Itaque
322 3325 435 3389 statim
458 3325 530 3389 dedi
552 3325 692 3409 litteras,
718 3329 756 3389 ut
784 3347 823 3390 ex
846 3323 953 3409 Cypro
978 3327 1103 3410 equites
1127 3331 1201 3391 ante

184 3416 305 3475 certam
329 3412 414 3477 diem
437 3413 636 3496 decederent,
664 3413 704 3477 ob
733 3435 868 3497 eamque
895 3435 1037 3498 causam,
1064 3419 1136 3479 tum
1160 3416 1201 3480 ob
1216 3441 1243 3482 aa

183 3504 307 3565 ceteras
336 3499 503 3566 Salaminii
530 3522 591 3564 nos
623 3500 659 3564 in
685 3502 808 3565 caelum
835 3503 970 3567 decretis
999 3503 1066 3567 suis
1097 3508 1202 3568 sustu-
