2568 3888
247 133 504 188 EPISTULARUM
522 134 571 187 AD
591 133 755 189 ATTIOUM
773 134 812 188 111
831 140 873 203 14,
894 139 936 188 15.
1059 135 1101 198 81
1231 137 1232 142 ’

131 274 262 342 Crassi
289 277 445 342 libertum
476 277 560 340 nihil
591 281 671 361 pute
704 277 825 341 sineere
859 277 1011 343 locutum.
1062 279 1103 344 In

61 369 194 428 senatu
222 387 289 429 rem
312 366 414 449 probe
438 365 553 429 scribis
578 369 690 429 actam.
728 362 790 429 Sed
814 365 891 449 quid
915 363 1036 430 Ourio?
1060 389 1103 431 an

61 453 164 516 illam
194 454 378 518 orationem
401 475 469 518 non
489 452 592 537 legit?
616 475 698 537 quae
721 453 805 517 unde
829 453 872 516 sit
890 453 1027 539 prolata,
1049 476 1102 519 ne·

63 541 145 605 scio.
194 539 260 605 Sed
278 540 382 605 Axius
406 541 549 606 eiusdem
572 541 635 605 diei
654 540 796 606 scribens
816 541 926 606 adme
944 545 1100 606 aetanon

41 629 114 693 sita
138 629 263 694 laudat
287 628 468 693 Curionem.
514 629 560 692 At
589 633 698 712 potest
729 629 785 693 ille
813 629 935 713 aliquid
961 634 1101 713 praeter-

65 717 226 802 mittere,
258 722 310 804 tu,
340 718 405 782 nisi
433 717 519 801 qued
546 721 628 802 erat,
659 718 805 801 prefecto
836 737 904 782 non
931 718 1099 802 scripsisti.

68 804 241 869 Varronis
265 826 371 870 sermo
394 807 472 870 facit
496 806 769 888 exspectationem
792 802 947 870 Caesaris.
991 806 1101 890 Atque

68 894 207 958 utinam
231 893 301 976 ipse
320 892 425 959 Varro
447 893 613 958 incumbat
631 893 666 956 in
684 897 826 958 causam!
850 894 937 978 qued
955 895 1100 978 profecte

72 1002 149 1045 cum
175 1004 239 1045 sua
263 986 378 1065 sponte
402 985 473 1045 tum
495 986 528 1045 te
551 981 694 1045 instante
716 981 820 1046 faciet.

38 1095 60 1133 e
140 1070 231 1154 Ego,
255 1070 284 1134 si
306 1091 358 1133 me
381 1069 554 1153 aliquando
577 1070 678 1133 vestri
706 1073 737 1134 et
765 1069 890 1153 patriae
917 1074 1136 1154 compotem4

72 1157 214 1222 fortuna
232 1158 355 1242 feeerit,
378 1162 464 1222 00110
485 1157 631 1242 efficiam,
653 1161 692 1220 ut
713 1158 852 1222 maxime
872 1158 993 1222 laetere
1015 1180 1099 1224 unus

75 1267 114 1309 ex
150 1245 306 1310 omnibus
340 1245 464 1330 amieis,
496 1267 630 1329 meaque
663 1246 768 1310 efficia
801 1249 833 1311 01
865 1246 985 1331 studia,
1019 1267 1101 1331 quae

76 1355 196 1416 parum
226 1337 321 1398 antea
350 1333 711 1416 luxerunt'ffatendum
742 1337 792 1397 est
824 1333 937 1418 enim),
969 1334 1017 1398 rie
1049 1355 1101 1400 ex·

79 1442 213 1506 sequar,
240 1426 279 1486 ut
306 1444 358 1485 me
385 1443 485 1507 aeque
511 1421 575 1486 tibi
604 1444 640 1486 ae
665 1422 761 1486 fratri
788 1425 820 1485 01
842 1421 954 1486 liberis
976 1423 1100 1487 nostris

46 1535 67 1574 15
80 1511 273 1574 restitutum
303 1513 407 1594 putes.
459 1509 494 1576 Si
526 1510 604 1593 quid
634 1510 671 1573 in
701 1513 735 1574 10
765 1511 893 1593 peccavi
923 1531 959 1574 ae
989 1511 1100 1593 petius

82 1598 238 1681 quoniam
260 1599 402 1681 peccavi,
430 1598 573 1682 ignosce,
600 1598 636 1661 in
657 1619 710 1662 me
733 1598 819 1662 enim
840 1597 949 1681 ipsum
971 1599 1101 1680 peccavi

82 1686 313 1751 vehementius.
359 1684 474 1770 Neque
495 1685 574 1750 haec
597 1707 634 1749 ce
658 1685 774 1770 scribe,
796 1705 861 1769 quo
885 1689 1007 1749 1011011
1028 1707 1100 1750 mee

85 1795 158 1838 casu
180 1773 324 1838 maximo
345 1773 454 1838 delere
474 1795 542 1838 esse
562 1774 722 1839 adfectum
740 1774 848 1859 seiam,
872 1773 927 1838 sed
944 1774 1101 1857 prefecto,

87 1863 123 1946 si,
145 1866 304 1946 quantum
322 1884 374 1926 me
392 1884 479 1925 amas
499 1866 531 1925 01
549 1862 674 1946 amasti,
696 1865 825 1926 tantum
844 1883 951 1925 amare
970 1861 1102 1926 deberes

54 1975 77 2014 10
89 1972 122 2013 ac
135 1950 312 2034 debuisses,
330 1971 507 2034 numquam
522 1971 607 2014 esses
621 1970 735 2033 passus
749 1971 810 2035 me,
829 1971 892 2033 que
908 1953 947 2013 tu
960 1948 1100 2013 abunda-

89 2038 156 2122 bas,
186 2059 279 2123 egere
307 2037 442 2102 consilio
470 2059 528 2103 nec
557 2059 640 2102 esses
668 2059 781 2122 passus
808 2036 890 2101 mihi
915 2037 1100 2121 persuaderi

90 2127 166 2191 utile
190 2126 287 2190 nobis
316 2147 385 2191 esse
410 2125 516 2210 legem
543 2125 581 2189 de
609 2126 753 2210 collegiis
780 2127 924 2209 perferri.
974 2125 1036 2191 Sed
1063 2129 1101 2190 tu

89 2218 213 2279 tantum
230 2213 380 2278 lacrimas
398 2214 577 2297 praebuisti
595 2214 699 2278 dolori
718 2235 799 2298 meo,
822 2215 909 2298 quod
928 2218 997 2279 0101
1016 2237 1101 2279 ame-

92 2303 145 2388 ris,
170 2306 338 2386 tamquam
364 2302 434 2385 ipse
462 2323 535 2386 ege,
563 2302 649 2386 qued
673 2302 798 2366 meritis
820 2303 900 2366 meis
923 2303 1101 2386 perfeetum

60 2416 82 2457 11
93 2391 207 2475 potuit,
232 2394 272 2453 ut
299 2390 366 2454 dics
394 2394 426 2455 01
447 2393 572 2474 nectes,
600 2390 678 2474 quid
699 2389 781 2454 mihi
802 2389 983 2455 faciendum
1007 2395 1100 2476 esset,

94 2479 257 2564 cogitares,
290 2478 324 2541 id
356 2478 413 2542 abs
444 2481 478 2542 te
509 2499 594 2562 meo,
624 2499 692 2543 11011
723 2481 780 2542 tue
814 2478 931 2544 scelere
961 2483 1101 2562 praeter-

94 2567 220 2632 missum
257 2569 315 2630 est.
370 2565 492 2642 Quodsi
526 2587 594 2630 11011
629 2566 723 2630 medo
755 2570 806 2650 tu,
843 2567 898 2630 sed
930 2567 1101 2651 quisquam

95 2656 213 2740 fuisset,
240 2655 297 2738 qui
323 2676 375 2718 me
397 2653 531 2738 Pompei
558 2654 666 2717 minus
692 2653 821 2718 liberali
847 2675 1003 2738 response
1031 2677 1101 2739 per-

96 2743 237 2808 territum
266 2765 284 2806 a
311 2743 499 2826 turpissime
528 2742 663 2806 consilio
691 2746 868 2826 revocaret,
900 2743 986 2826 quod
1016 2765 1100 2807 unus

66 2836 131 2896 retu
144 2832 245 2896 facere
263 2830 403 2894 maxime
420 2830 567 2914 potuisti,
590 2835 647 2895 cut
668 2831 871 2896 occubuissem
892 2831 1020 2910 11000010,
1044 2835 1101 2894 aut

98 2920 223 2984 victores
241 2916 339 2983 hodie
356 2919 545 2984 viveremus.
581 2917 644 2982 Hic
661 2918 743 2983 mihi
760 2919 921 3004 ignosces,
944 2939 996 2982 me
1015 2919 1101 2983 enim

98 3008 194 3092 ipsum
211 3007 314 3070 multo
333 3007 437 3092 magis
457 3027 579 3090 accuse,
598 3007 711 3070 deinde
733 3011 766 3070 te
785 3007 878 3091 quasi
897 3027 949 3071 me
963 3006 1100 3071 alterum

101 3100 128 3160 01
148 3095 241 3160 simul
262 3116 351 3159 meae
373 3095 486 3178 eulpae
504 3095 626 3160 socium
646 3117 771 3179 quaero.
807 3092 865 3179 Ac,
888 3094 917 3159 si
935 3095 1100 3179 restituor,

102 3185 186 3248 etiam
216 3183 324 3247 minus
355 3183 536 3247 videbimur
567 3183 741 3267 deliquisse
778 3182 836 3246 abs
872 3185 970 3266 teque
1006 3187 1100 3266 certe,

70 3273 240 3356 equoriam
260 3271 353 3336 nulle
375 3275 503 3352 nestro,
532 3275 590 3335 tue
613 3271 716 3355 ipsius
740 3269 894 3335 beneficio
920 3271 1099 3354 diligemur.

158 3359 246 3436 Quod
272 3364 306 3423 te
333 3381 407 3425 eum
430 3357 584 3424 Culleone
611 3359 725 3424 scribis
754 3358 793 3422 de
820 3358 990 3442 privilegio
1013 3358 1135 3422 locu-5

102 3453 174 3533 tum,
200 3452 247 3512 001
275 3447 410 3532 aliquid,
439 3448 495 3512 sed
520 3447 624 3512 multe
648 3451 697 3511 est
720 3447 834 3510 melius
859 3444 1017 3528 abrogari.
1065 3444 1100 3510 Si
