2564 3880
204 166 270 229 446
527 165 564 220 M.
581 164 689 219 TULLI
708 163 900 218 CICERONIS

204 331 294 372 mum
312 330 364 372 me
383 307 526 391 praebui.
567 307 701 374 Etenim
719 307 784 391 ille,
808 306 962 389 quoniam
981 306 1082 370 semel
1101 305 1231 369 induxit
1260 363 1261 366 ,

205 397 349 460 animum
373 396 435 459 sibi
459 396 568 478 licere,
592 397 679 479 quod
701 395 812 477 vellet,
840 395 969 459 fecisset
991 394 1098 457 nihilo
1122 394 1229 456 minus

204 507 255 548 me
287 485 401 548 invito.
453 482 568 566 Itaque
597 506 742 548 mearum
776 504 904 566 quoque
936 483 1123 547 litterarum
1155 481 1229 544 misi

205 573 267 637 tibi
291 567 483 654 exemplum.
1260 567 1261 580 ¹

698 747 736 811 A.
1246 768 1254 806 ⁵

277 868 335 922 Ser.
355 868 459 922 Romae
477 869 549 922 inter
567 884 593 921 0.
612 868 639 920 d.
655 867 687 920 X
703 874 729 922 et
752 868 814 922 VII
829 868 866 921 K.
883 867 956 920 Mai.
972 884 997 920 a.
1015 869 1107 934 710(
1134 869 1161 933 ).

397 971 584 1027 ANTONIUS
604 971 678 1026 COS.
699 971 725 1025 S.
744 971 777 1027 D.
796 972 834 1026 M.
855 971 1033 1026 CICERONI.

171 1117 184 1163 1
273 1097 551 1181 Occupationibus
575 1097 765 1174 estfactum
788 1099 867 1162 meis
891 1102 924 1162 et
948 1098 1058 1162 subita
1076 1101 1133 1162 tua
1157 1117 1224 1180 pro-

205 1186 357 1270 fectione,
388 1207 428 1250 110
456 1190 562 1249 tecum
589 1207 698 1249 coram
725 1186 846 1250 dehac
877 1208 913 1249 re
940 1207 1078 1270 agerem.
1125 1183 1223 1260 Quam

207 1275 248 1339 ob
272 1296 403 1338 causam
421 1296 542 1358 vereor,
564 1295 605 1338 ne
629 1273 776 1336 absentia
799 1296 870 1337 mea
888 1273 991 1337 levior
1015 1274 1059 1337 sit
1077 1273 1164 1357 apud
1186 1277 1221 1334 te.
1234 1296 1261 1344 11,

207 1362 329 1438 Quodsi
365 1361 494 1426 bonitas
529 1367 586 1426 tua
627 1362 829 1444 responderit
863 1362 981 1426 iudicio
1017 1383 1104 1444 meo,
1141 1360 1222 1444 quod

177 1481 180 1484 ·
207 1473 332 1535 semper
354 1450 455 1514 habui
479 1450 518 1514 de
540 1453 582 1533 te,
605 1450 761 1533 gaudebo.

171 1558 186 1604 a
272 1537 304 1602 A
327 1536 462 1603 Caesare
484 1537 577 1622 petii,
605 1541 642 1600 ut
666 1535 738 1601 Sex.
762 1533 912 1601 Clodium
939 1537 1140 1620 restitueret3
1170 1535 1221 1598 im-

205 1627 339 1710 petravi.
385 1627 467 1690 Erat
490 1625 572 1690 1111111
589 1625 625 1688 111
649 1625 757 1689 animo
781 1625 967 1689 etiamtum
991 1625 1037 1690 sic
1059 1625 1111 1688 uti
1133 1625 1220 1688 bene

206 1715 280 1779 ficio
309 1715 392 1799 eius,
420 1715 448 1778 si
475 1717 513 1778 tu
541 1714 759 1778 concessisses.
810 1712 880 1789 Quo
908 1713 1012 1797 magis
1040 1713 1167 1796 laboro,
1190 1717 1246 1774 uta

206 1807 263 1867 tua
290 1804 459 1868 voluntate
487 1802 521 1864 id
547 1823 605 1884 per
634 1823 685 1865 me
712 1802 815 1865 facere
844 1823 931 1865 nunc
958 1802 1054 1865 110001.
1107 1800 1219 1875 Quodsi

207 1890 369 1956 duriorem
391 1894 424 1954 te
448 1890 517 1954 eius
541 1890 676 1953 miserae
700 1893 732 1952 et
745 1889 894 1954 adflictae
910 1889 1060 1952 fortunae
1083 1889 1217 1972 praebes,
1260 1887 1261 1960 1

206 2001 273 2043 11011
305 1978 497 2044 contendam
529 1998 589 2061 ego
622 1977 775 2041 adversus
808 1981 853 2060 te,
888 1998 1084 2060 quamquam
1117 1977 1216 2041 videor
1260 2025 1261 2028 ,

207 2067 321 2132 debere
344 2068 430 2132 tueri
453 2066 719 2130 commentarium
745 2063 900 2130 Caesaris.
947 2065 1010 2130 Sed
1037 2065 1215 2146 mehercule,

207 2155 234 2218 si
253 2155 438 2219 humaniter
461 2158 493 2218 et
516 2155 679 2237 sapienter
698 2157 730 2216 et
749 2153 931 2217 amabiliter
954 2154 990 2216 in
1007 2173 1058 2216 me
1083 2153 1261 2237 cogitares*

206 2244 265 2327 ris,
288 2243 415 2307 facilem
438 2242 582 2325 profecto
606 2245 639 2304 te
657 2241 826 2324 praebebis
850 2245 883 2304 et
901 2241 989 2305 voles
1012 2240 1047 2304 P.
1068 2239 1215 2323 Clodium,

207 2332 242 2395 in
270 2331 393 2413 optima
420 2352 476 2413 spe
504 2352 642 2413 puerum
669 2331 861 2414 repositum,
894 2329 1079 2392 existimare
1106 2333 1215 2394 nonte

172 2437 187 2484 3
207 2420 403 2482 insectatum
420 2440 499 2502 esse,
513 2440 586 2483 cum
600 2418 754 2503 potueris,
768 2417 887 2481 amicos
901 2421 1062 2500 paternos.
1104 2417 1214 2497 Patere,

208 2506 354 2589 obsecre,
377 2509 410 2569 te
433 2528 492 2589 pro
515 2527 550 2569 re
577 2505 708 2588 publica
730 2505 831 2569 rideri
859 2505 999 2589 gessisse
1027 2505 1214 2569 simultatem

207 2615 279 2657 curn
303 2598 395 2676 patre
419 2595 496 2677 eius,
518 2614 585 2657 non
608 2595 690 2674 qood
710 2593 940 2676 contempseris
958 2593 1042 2656 hanc
1059 2593 1240 2657 familiana

207 2680 385 2745 Honestius
409 2683 494 2746 enim
519 2685 552 2746 et
573 2681 729 2745 libentius
756 2681 945 2765 deponimus
969 2681 1157 2745 inimicitias
1177 2681 1214 2744 rei

207 2768 354 2852 publicae
390 2770 521 2834 nomine
561 2774 727 2853 susceptas
762 2791 859 2852 quam
891 2769 1120 2834 contumaciae.
1172 2769 1214 2833 Me

208 2856 320 2920 deinde
350 2857 418 2921 sine
454 2858 494 2922 ad
527 2857 611 2921 hanc
648 2857 833 2941 opinionem
864 2857 930 2920 iam
964 2879 1050 2921 nunc
1089 2857 1214 2943 dirigere
1260 2927 1261 2934 ¹

207 2966 344 3028 puerum
376 2949 409 3009 et
440 2950 550 3009 tenero
584 2946 692 3010 animo
725 2946 794 3010 eius
830 2945 1023 3028 persuadere
1054 2967 1124 3010 non
1157 2967 1215 3010 esse

207 3032 377 3097 tradendas
395 3034 535 3116 posteris
554 3033 749 3098 inimicitias.
796 3033 998 3116 Quamquam
1016 3038 1107 3097 tuam
1125 3034 1241 3097 fortun

207 3142 296 3206 nam,
323 3118 449 3205 Cicero,
478 3121 524 3184 ab.
543 3122 632 3184 omni
658 3121 801 3205 periculo
830 3122 942 3185 abesse
965 3125 1089 3184 certum
1113 3121 1215 3204 habeo,

207 3211 316 3272 tamen
340 3209 481 3272 arbitror
503 3208 599 3271 malle
623 3213 655 3272 te
679 3210 822 3292 quietam
850 3213 1048 3273 senectutem
1071 3210 1215 3274 01110110-
1260 3209 1261 3262 i

207 3297 330 3360 rificam
357 3297 467 3379 potius
491 3315 585 3378 agere
614 3317 711 3377 quam
739 3297 917 3361 sollicitam.
962 3296 1130 3361 Postremo
1152 3320 1214 3362 meo

208 3383 278 3446 iure
310 3387 343 3446 te
370 3382 432 3446 hoc
464 3382 655 3446 beneficium
684 3404 774 3468 rogo.
820 3383 918 3448 Nihil
954 3385 1040 3449 enirn
1071 3406 1137 3450 non
1166 3391 1214 3449 tua

209 3491 304 3534 causa
322 3471 393 3534 feci.
430 3468 552 3545 Quodsi
569 3489 636 3532 non
653 3468 801 3556 impetro,
814 3494 872 3554 per
890 3494 942 3536 me
957 3471 1071 3537 Clodio
1090 3473 1212 3536 daturus
1224 3495 1240 3536 a
1260 3469 1261 3548 1
