<?xml version="1.0" encoding="UTF-8"?>
<!DOCTYPE html PUBLIC "-//W3C//DTD XHTML 1.0 Transitional//EN"
    "http://www.w3.org/TR/xhtml1/DTD/xhtml1-transitional.dtd">
<html xmlns="http://www.w3.org/1999/xhtml" xml:lang="en" lang="en">
 <head>
  <title>
</title>
<meta http-equiv="Content-Type" content="text/html;charset=utf-8" />
  <meta name='ocr-system' content='tesseract 3.04.00' />
  <meta name='ocr-capabilities' content='ocr_page ocr_carea ocr_par ocr_line ocrx_word'/>
</head>
<body>
  <div class='ocr_page' id='page_1' title='image "./scriptaquaemans00mullgoog_0355.png"; bbox 0 0 2616 3884; ppageno 0'>
   <div class='ocr_carea' id='block_1_1' title="bbox 165 149 855 226">
    <p class='ocr_par' dir='ltr' id='par_1_1' title="bbox 165 149 855 226">
     <span class='ocr_line' id='line_1_1' title="bbox 165 149 855 226; baseline -0.026 -5"><span class='ocrx_word' id='word_1_1' title='bbox 165 155 229 220; x_wconf 88' lang='grc'>190</span> <span class='ocrx_word' id='word_1_2' title='bbox 354 213 360 226; x_wconf 62' lang='lat'>‚</span> <span class='ocrx_word' id='word_1_3' title='bbox 484 153 520 208; x_wconf 87' lang='grc' dir='ltr'>Μ.</span> <span class='ocrx_word' id='word_1_4' title='bbox 540 151 648 205; x_wconf 89' lang='lat' dir='ltr'>TULLI</span> <span class='ocrx_word' id='word_1_5' title='bbox 667 149 855 205; x_wconf 78' lang='lat' dir='ltr'>CICERONIS</span> 
     </span>
    </p>
   </div>
   <div class='ocr_carea' id='block_1_2' title="bbox 127 291 1227 3202">
    <p class='ocr_par' dir='ltr' id='par_1_2' title="bbox 162 291 1181 559">
     <span class='ocr_line' id='line_1_2' title="bbox 162 291 1181 382; baseline -0.003 -21"><span class='ocrx_word' id='word_1_6' title='bbox 162 319 279 362; x_wconf 93' lang='lat' dir='ltr'>ronum</span> <span class='ocrx_word' id='word_1_7' title='bbox 298 295 399 382; x_wconf 82' lang='lat' dir='ltr'>signis</span> <span class='ocrx_word' id='word_1_8' title='bbox 420 295 628 380; x_wconf 77' lang='lat' dir='ltr'>obsignatum</span> <span class='ocrx_word' id='word_1_9' title='bbox 643 295 849 378; x_wconf 76' lang='lat' dir='ltr'>cohortisque</span> <span class='ocrx_word' id='word_1_10' title='bbox 867 293 1054 376; x_wconf 69' lang='lat' dir='ltr'>praetoriae.</span> <span class='ocrx_word' id='word_1_11' title='bbox 1087 291 1181 358; x_wconf 84' lang='lat' dir='ltr'>Fecit</span> 
     </span>
     <span class='ocr_line' id='line_1_3' title="bbox 163 379 1180 471; baseline -0.003 -22"><span class='ocrx_word' id='word_1_12' title='bbox 163 386 271 470; x_wconf 90' lang='lat' dir='ltr'>palam</span> <span class='ocrx_word' id='word_1_13' title='bbox 293 389 327 448; x_wconf 93' lang='lat' dir='ltr'>te</span> <span class='ocrx_word' id='word_1_14' title='bbox 350 407 388 448; x_wconf 89' lang='lat' dir='ltr'>ex</span> <span class='ocrx_word' id='word_1_15' title='bbox 410 384 534 471; x_wconf 89' lang='lat' dir='ltr'>libella,</span> <span class='ocrx_word' id='word_1_16' title='bbox 564 406 615 447; x_wconf 92' lang='lat' dir='ltr'>me</span> <span class='ocrx_word' id='word_1_17' title='bbox 646 405 684 447; x_wconf 91' lang='lat' dir='ltr'>ex</span> <span class='ocrx_word' id='word_1_18' title='bbox 707 382 877 447; x_wconf 86' lang='lat' dir='ltr'>terruncio.</span> <span class='ocrx_word' id='word_1_19' title='bbox 923 380 963 445; x_wconf 94' lang='lat' dir='ltr'>In</span> <span class='ocrx_word' id='word_1_20' title='bbox 980 379 1076 445; x_wconf 91' lang='lat' dir='ltr'>Actio</span> <span class='ocrx_word' id='word_1_21' title='bbox 1100 379 1180 446; x_wconf 79' lang='lat' dir='ltr'>Cor·</span> 
     </span>
     <span class='ocr_line' id='line_1_4' title="bbox 164 467 1178 559; baseline -0.004 -21"><span class='ocrx_word' id='word_1_22' title='bbox 164 496 257 558; x_wconf 82' lang='lat' dir='ltr'>cyrae</span> <span class='ocrx_word' id='word_1_23' title='bbox 279 473 394 537; x_wconf 85' lang='lat' dir='ltr'>Alexio</span> <span class='ocrx_word' id='word_1_24' title='bbox 422 495 473 536; x_wconf 89' lang='lat' dir='ltr'>me</span> <span class='ocrx_word' id='word_1_25' title='bbox 497 472 627 559; x_wconf 87' lang='lat' dir='ltr'>opipare</span> <span class='ocrx_word' id='word_1_26' title='bbox 656 475 841 535; x_wconf 90' lang='lat' dir='ltr'>muneratus</span> <span class='ocrx_word' id='word_1_27' title='bbox 866 473 923 534; x_wconf 87' lang='lat' dir='ltr'>est.</span> <span class='ocrx_word' id='word_1_28' title='bbox 970 468 1004 545; x_wconf 77' lang='lat' dir='ltr'>Q.</span> <span class='ocrx_word' id='word_1_29' title='bbox 1029 467 1178 534; x_wconf 76' lang='lat' dir='ltr'>Ciceroni</span> 
     </span>
    </p>

    <p class='ocr_par' dir='ltr' id='par_1_3' title="bbox 127 556 1227 1684">
     <span class='ocr_line' id='line_1_5' title="bbox 127 556 1178 646; baseline -0.006 -19"><span class='ocrx_word' id='word_1_30' title='bbox 127 563 145 609; x_wconf 82' lang='lat'><strong>4</strong></span> <span class='ocrx_word' id='word_1_31' title='bbox 165 562 282 627; x_wconf 85' lang='lat' dir='ltr'>obsisti</span> <span class='ocrx_word' id='word_1_32' title='bbox 303 583 370 626; x_wconf 92' lang='lat' dir='ltr'>non</span> <span class='ocrx_word' id='word_1_33' title='bbox 392 561 513 646; x_wconf 90' lang='lat' dir='ltr'>potuit,</span> <span class='ocrx_word' id='word_1_34' title='bbox 536 582 600 644; x_wconf 92' lang='lat' dir='ltr'>quo</span> <span class='ocrx_word' id='word_1_35' title='bbox 624 560 731 623; x_wconf 92' lang='lat' dir='ltr'>minus</span> <span class='ocrx_word' id='word_1_36' title='bbox 755 558 927 641; x_wconf 80' lang='lat' dir='ltr'>Thyamim</span> <span class='ocrx_word' id='word_1_37' title='bbox 948 558 1080 623; x_wconf 90' lang='lat' dir='ltr'>videret.</span> <span class='ocrx_word' id='word_1_38' title='bbox 1125 556 1178 621; x_wconf 90' lang='lat' dir='ltr'>Pi-</span> 
     </span>
     <span class='ocr_line' id='line_1_6' title="bbox 164 646 1226 730; baseline -0.002 -16"><span class='ocrx_word' id='word_1_39' title='bbox 164 650 241 714; x_wconf 90' lang='lat' dir='ltr'>liola</span> <span class='ocrx_word' id='word_1_40' title='bbox 263 654 321 714; x_wconf 90' lang='lat' dir='ltr'>tua</span> <span class='ocrx_word' id='word_1_41' title='bbox 349 653 382 713; x_wconf 92' lang='lat' dir='ltr'>te</span> <span class='ocrx_word' id='word_1_42' title='bbox 409 649 559 712; x_wconf 89' lang='lat' dir='ltr'>delectari</span> <span class='ocrx_word' id='word_1_43' title='bbox 588 648 692 712; x_wconf 88' lang='lat' dir='ltr'>laetor</span> <span class='ocrx_word' id='word_1_44' title='bbox 721 651 753 711; x_wconf 92' lang='lat' dir='ltr'>et</span> <span class='ocrx_word' id='word_1_45' title='bbox 783 646 913 730; x_wconf 90' lang='lat' dir='ltr'>probari</span> <span class='ocrx_word' id='word_1_46' title='bbox 940 646 1002 710; x_wconf 90' lang='lat' dir='ltr'>tibi</span> <span class='ocrx_word' id='word_1_47' title='bbox 1030 648 1179 730; x_wconf 76' lang='grc' dir='ltr'><strong><em>φυσικὴν</em></strong></span> <span class='ocrx_word' id='word_1_48' title='bbox 1210 671 1226 712; x_wconf 85' lang='lat'><strong>5</strong></span> 
     </span>
     <span class='ocr_line' id='line_1_7' title="bbox 164 734 1179 823; baseline -0.006 -20"><span class='ocrx_word' id='word_1_49' title='bbox 164 761 234 803; x_wconf 90' lang='lat' dir='ltr'>esse</span> <span class='ocrx_word' id='word_1_50' title='bbox 263 739 325 820; x_wconf 76' lang='grc' dir='ltr'>τὴν</span> <span class='ocrx_word' id='word_1_51' title='bbox 352 739 435 823; x_wconf 80' lang='grc' dir='ltr'><strong>πρὸς</strong></span> <span class='ocrx_word' id='word_1_52' title='bbox 467 739 507 801; x_wconf 81' lang='grc' dir='ltr'>τὰ</span> <span class='ocrx_word' id='word_1_53' title='bbox 538 736 644 801; x_wconf 79' lang='grc' dir='ltr'><strong><em>τέκνα.</em></strong></span> <span class='ocrx_word' id='word_1_54' title='bbox 689 735 835 820; x_wconf 77' lang='lat' dir='ltr'>Etenim,</span> <span class='ocrx_word' id='word_1_55' title='bbox 867 735 895 798; x_wconf 88' lang='lat' dir='ltr'>si</span> <span class='ocrx_word' id='word_1_56' title='bbox 922 734 1000 798; x_wconf 91' lang='lat' dir='ltr'>haec</span> <span class='ocrx_word' id='word_1_57' title='bbox 1030 739 1179 820; x_wconf 89' lang='lat' dir='ltr'>nonest,</span> 
     </span>
     <span class='ocr_line' id='line_1_8' title="bbox 163 823 1178 908; baseline -0.006 -17"><span class='ocrx_word' id='word_1_58' title='bbox 163 827 254 891; x_wconf 89' lang='lat' dir='ltr'>nulla</span> <span class='ocrx_word' id='word_1_59' title='bbox 276 830 384 908; x_wconf 87' lang='lat' dir='ltr'>potest</span> <span class='ocrx_word' id='word_1_60' title='bbox 407 824 532 888; x_wconf 91' lang='lat' dir='ltr'>homini</span> <span class='ocrx_word' id='word_1_61' title='bbox 556 846 624 888; x_wconf 89' lang='lat' dir='ltr'>esse</span> <span class='ocrx_word' id='word_1_62' title='bbox 647 824 688 887; x_wconf 91' lang='lat' dir='ltr'>ad</span> <span class='ocrx_word' id='word_1_63' title='bbox 710 823 874 887; x_wconf 91' lang='lat' dir='ltr'>hominem</span> <span class='ocrx_word' id='word_1_64' title='bbox 892 827 1026 886; x_wconf 90' lang='lat' dir='ltr'>naturae</span> <span class='ocrx_word' id='word_1_65' title='bbox 1050 823 1178 886; x_wconf 88' lang='lat' dir='ltr'>adiunc-</span> 
     </span>
     <span class='ocr_line' id='line_1_9' title="bbox 164 911 1178 999; baseline -0.005 -20"><span class='ocrx_word' id='word_1_66' title='bbox 164 915 226 999; x_wconf 80' lang='lat' dir='ltr'>ti03</span> <span class='ocrx_word' id='word_1_67' title='bbox 256 937 318 998; x_wconf 89' lang='lat' dir='ltr'>qua</span> <span class='ocrx_word' id='word_1_68' title='bbox 345 913 472 977; x_wconf 89' lang='lat' dir='ltr'>sublata</span> <span class='ocrx_word' id='word_1_69' title='bbox 499 914 584 977; x_wconf 92' lang='lat' dir='ltr'>vitae</span> <span class='ocrx_word' id='word_1_70' title='bbox 613 913 748 976; x_wconf 88' lang='lat' dir='ltr'>societas</span> <span class='ocrx_word' id='word_1_71' title='bbox 771 911 906 975; x_wconf 88' lang='lat' dir='ltr'>tollitur.</span> <span class='ocrx_word' id='word_1_72' title='bbox 953 911 1071 974; x_wconf 70' lang='lat' dir='ltr'>‘Bene</span> <span class='ocrx_word' id='word_1_73' title='bbox 1093 933 1178 975; x_wconf 92' lang='lat' dir='ltr'>eve-</span> 
     </span>
     <span class='ocr_line' id='line_1_10' title="bbox 164 999 1177 1087; baseline -0.005 -20"><span class='ocrx_word' id='word_1_74' title='bbox 164 1002 286 1086; x_wconf 79' lang='lat' dir='ltr'>niatl&#39;,</span> <span class='ocrx_word' id='word_1_75' title='bbox 309 1002 416 1085; x_wconf 91' lang='lat' dir='ltr'>inquit</span> <span class='ocrx_word' id='word_1_76' title='bbox 434 999 611 1066; x_wconf 79' lang='lat' dir='ltr'>Carneades</span> <span class='ocrx_word' id='word_1_77' title='bbox 635 1022 757 1087; x_wconf 80' lang='lat' dir='ltr'>spurce,</span> <span class='ocrx_word' id='word_1_78' title='bbox 781 1000 836 1064; x_wconf 92' lang='lat' dir='ltr'>sed</span> <span class='ocrx_word' id='word_1_79' title='bbox 854 1003 962 1063; x_wconf 88' lang='lat' dir='ltr'>tamen</span> <span class='ocrx_word' id='word_1_80' title='bbox 984 999 1177 1083; x_wconf 88' lang='lat' dir='ltr'>prudentius</span> 
     </span>
     <span class='ocr_line' id='line_1_11' title="bbox 166 1087 1227 1175; baseline -0.001 -21"><span class='ocrx_word' id='word_1_81' title='bbox 166 1112 263 1175; x_wconf 90' lang='lat' dir='ltr'>quam</span> <span class='ocrx_word' id='word_1_82' title='bbox 285 1088 402 1153; x_wconf 88' lang='lat' dir='ltr'>Lucius</span> <span class='ocrx_word' id='word_1_83' title='bbox 425 1093 537 1154; x_wconf 89' lang='lat' dir='ltr'>noster</span> <span class='ocrx_word' id='word_1_84' title='bbox 560 1094 592 1154; x_wconf 92' lang='lat' dir='ltr'>et</span> <span class='ocrx_word' id='word_1_85' title='bbox 609 1088 740 1174; x_wconf 88' lang='lat' dir='ltr'>Patron,</span> <span class='ocrx_word' id='word_1_86' title='bbox 764 1089 829 1174; x_wconf 89' lang='lat' dir='ltr'>qui,</span> <span class='ocrx_word' id='word_1_87' title='bbox 851 1110 923 1152; x_wconf 87' lang='lat' dir='ltr'>cum</span> <span class='ocrx_word' id='word_1_88' title='bbox 947 1088 1054 1152; x_wconf 93' lang='lat' dir='ltr'>omnia</span> <span class='ocrx_word' id='word_1_89' title='bbox 1078 1087 1117 1150; x_wconf 88' lang='lat' dir='ltr'>ad</span> <span class='ocrx_word' id='word_1_90' title='bbox 1142 1109 1227 1153; x_wconf 84' lang='lat' dir='ltr'>se1o</span> 
     </span>
     <span class='ocr_line' id='line_1_12' title="bbox 165 1176 1180 1264; baseline -0.003 -22"><span class='ocrx_word' id='word_1_91' title='bbox 165 1179 315 1264; x_wconf 87' lang='lat' dir='ltr'>referant,</span> <span class='ocrx_word' id='word_1_92' title='bbox 332 1199 504 1260; x_wconf 75' lang='lat' dir='ltr'>numquam</span> <span class='ocrx_word' id='word_1_93' title='bbox 523 1177 692 1261; x_wconf 90' lang='lat' dir='ltr'>quicquam</span> <span class='ocrx_word' id='word_1_94' title='bbox 711 1177 843 1241; x_wconf 89' lang='lat' dir='ltr'>alterius</span> <span class='ocrx_word' id='word_1_95' title='bbox 859 1198 954 1240; x_wconf 88' lang='lat' dir='ltr'>causa</span> <span class='ocrx_word' id='word_1_96' title='bbox 972 1176 1042 1240; x_wconf 90' lang='lat' dir='ltr'>fieri</span> <span class='ocrx_word' id='word_1_97' title='bbox 1061 1179 1180 1259; x_wconf 89' lang='lat' dir='ltr'>putent</span> 
     </span>
     <span class='ocr_line' id='line_1_13' title="bbox 166 1265 1180 1350; baseline -0.003 -19"><span class='ocrx_word' id='word_1_98' title='bbox 166 1270 207 1350; x_wconf 86' lang='lat' dir='ltr'>et,</span> <span class='ocrx_word' id='word_1_99' title='bbox 230 1289 303 1330; x_wconf 91' lang='lat' dir='ltr'>cum</span> <span class='ocrx_word' id='word_1_100' title='bbox 326 1288 362 1330; x_wconf 89' lang='lat' dir='ltr'>ea</span> <span class='ocrx_word' id='word_1_101' title='bbox 384 1290 419 1331; x_wconf 93' lang='lat' dir='ltr'>re</span> <span class='ocrx_word' id='word_1_102' title='bbox 441 1267 563 1331; x_wconf 91' lang='lat' dir='ltr'>bonum</span> <span class='ocrx_word' id='word_1_103' title='bbox 586 1266 691 1329; x_wconf 88' lang='lat' dir='ltr'>virum</span> <span class='ocrx_word' id='word_1_104' title='bbox 719 1269 867 1348; x_wconf 90' lang='lat' dir='ltr'>oportere</span> <span class='ocrx_word' id='word_1_105' title='bbox 896 1286 964 1328; x_wconf 89' lang='lat' dir='ltr'>esse</span> <span class='ocrx_word' id='word_1_106' title='bbox 988 1265 1109 1350; x_wconf 90' lang='lat' dir='ltr'>dicant,</span> <span class='ocrx_word' id='word_1_107' title='bbox 1137 1287 1180 1328; x_wconf 90' lang='lat' dir='ltr'>ne</span> 
     </span>
     <span class='ocr_line' id='line_1_14' title="bbox 166 1352 1181 1440; baseline -0.002 -22"><span class='ocrx_word' id='word_1_108' title='bbox 166 1355 287 1418; x_wconf 90' lang='lat' dir='ltr'>malum</span> <span class='ocrx_word' id='word_1_109' title='bbox 318 1354 450 1440; x_wconf 90' lang='lat' dir='ltr'>habeat,</span> <span class='ocrx_word' id='word_1_110' title='bbox 478 1377 544 1419; x_wconf 89' lang='lat' dir='ltr'>non</span> <span class='ocrx_word' id='word_1_111' title='bbox 572 1376 635 1437; x_wconf 92' lang='lat' dir='ltr'>quo</span> <span class='ocrx_word' id='word_1_112' title='bbox 665 1354 698 1417; x_wconf 91' lang='lat' dir='ltr'>id</span> <span class='ocrx_word' id='word_1_113' title='bbox 727 1357 843 1418; x_wconf 88' lang='lat' dir='ltr'>natura</span> <span class='ocrx_word' id='word_1_114' title='bbox 872 1357 995 1417; x_wconf 92' lang='lat' dir='ltr'>rectum</span> <span class='ocrx_word' id='word_1_115' title='bbox 1026 1352 1082 1436; x_wconf 91' lang='lat' dir='ltr'>sit,</span> <span class='ocrx_word' id='word_1_116' title='bbox 1111 1374 1181 1417; x_wconf 92' lang='lat' dir='ltr'>non</span> 
     </span>
     <span class='ocr_line' id='line_1_15' title="bbox 166 1440 1179 1528; baseline -0.003 -21"><span class='ocrx_word' id='word_1_117' title='bbox 166 1444 357 1528; x_wconf 85' lang='lat' dir='ltr'>intellegant</span> <span class='ocrx_word' id='word_1_118' title='bbox 387 1465 419 1507; x_wconf 92' lang='lat' dir='ltr'>se</span> <span class='ocrx_word' id='word_1_119' title='bbox 447 1443 485 1506; x_wconf 93' lang='lat' dir='ltr'>de</span> <span class='ocrx_word' id='word_1_120' title='bbox 513 1442 627 1507; x_wconf 88' lang='lat' dir='ltr'>callido</span> <span class='ocrx_word' id='word_1_121' title='bbox 654 1441 785 1506; x_wconf 91' lang='lat' dir='ltr'>homine</span> <span class='ocrx_word' id='word_1_122' title='bbox 807 1442 911 1526; x_wconf 93' lang='lat' dir='ltr'>loqui,</span> <span class='ocrx_word' id='word_1_123' title='bbox 939 1463 1006 1505; x_wconf 90' lang='lat' dir='ltr'>non</span> <span class='ocrx_word' id='word_1_124' title='bbox 1029 1442 1067 1504; x_wconf 94' lang='lat' dir='ltr'>de</span> <span class='ocrx_word' id='word_1_125' title='bbox 1090 1440 1179 1504; x_wconf 92' lang='lat' dir='ltr'>bono</span> 
     </span>
     <span class='ocr_line' id='line_1_16' title="bbox 166 1529 1225 1616; baseline 0.001 -20"><span class='ocrx_word' id='word_1_126' title='bbox 166 1532 245 1597; x_wconf 90' lang='lat' dir='ltr'>viro.</span> <span class='ocrx_word' id='word_1_127' title='bbox 292 1529 354 1596; x_wconf 79' lang='lat' dir='ltr'>Sed</span> <span class='ocrx_word' id='word_1_128' title='bbox 380 1531 472 1616; x_wconf 90' lang='lat' dir='ltr'>haec,</span> <span class='ocrx_word' id='word_1_129' title='bbox 502 1531 631 1616; x_wconf 83' lang='lat' dir='ltr'>opinor,</span> <span class='ocrx_word' id='word_1_130' title='bbox 659 1534 735 1594; x_wconf 88' lang='lat' dir='ltr'>sunt</span> <span class='ocrx_word' id='word_1_131' title='bbox 762 1531 798 1594; x_wconf 91' lang='lat' dir='ltr'>in</span> <span class='ocrx_word' id='word_1_132' title='bbox 824 1530 864 1594; x_wconf 91' lang='lat' dir='ltr'>iis</span> <span class='ocrx_word' id='word_1_133' title='bbox 893 1530 999 1614; x_wconf 91' lang='lat' dir='ltr'>libris,</span> <span class='ocrx_word' id='word_1_134' title='bbox 1029 1550 1109 1612; x_wconf 90' lang='lat' dir='ltr'>quos</span> <span class='ocrx_word' id='word_1_135' title='bbox 1140 1534 1179 1592; x_wconf 95' lang='lat' dir='ltr'>tu</span> <span class='ocrx_word' id='word_1_136' title='bbox 1195 1555 1225 1597; x_wconf 85' lang='lat'>15</span> 
     </span>
     <span class='ocr_line' id='line_1_17' title="bbox 166 1618 760 1684; baseline -0.005 0"><span class='ocrx_word' id='word_1_137' title='bbox 166 1621 326 1684; x_wconf 88' lang='lat' dir='ltr'>laudando</span> <span class='ocrx_word' id='word_1_138' title='bbox 350 1620 474 1684; x_wconf 86' lang='lat' dir='ltr'>animos</span> <span class='ocrx_word' id='word_1_139' title='bbox 496 1619 577 1683; x_wconf 92' lang='lat' dir='ltr'>mihi</span> <span class='ocrx_word' id='word_1_140' title='bbox 601 1618 760 1682; x_wconf 84' lang='lat' dir='ltr'>addidisti.</span> 
     </span>
    </p>

    <p class='ocr_par' dir='ltr' id='par_1_4' title="bbox 132 1705 1226 2585">
     <span class='ocr_line' id='line_1_18' title="bbox 132 1705 1180 1792; baseline -0.006 -18"><span class='ocrx_word' id='word_1_141' title='bbox 132 1726 147 1774; x_wconf 81' lang='lat'>5</span> <span class='ocrx_word' id='word_1_142' title='bbox 235 1709 341 1773; x_wconf 88' lang='lat' dir='ltr'>Redeo</span> <span class='ocrx_word' id='word_1_143' title='bbox 366 1709 502 1772; x_wconf 89' lang='lat' dir='ltr'>adrem.</span> <span class='ocrx_word' id='word_1_144' title='bbox 540 1706 728 1783; x_wconf 82' lang='lat' dir='ltr'>Quomodo</span> <span class='ocrx_word' id='word_1_145' title='bbox 753 1705 975 1788; x_wconf 79' lang='lat' dir='ltr'>exspectabam</span> <span class='ocrx_word' id='word_1_146' title='bbox 993 1705 1180 1792; x_wconf 89' lang='lat' dir='ltr'>epistulam,</span> 
     </span>
     <span class='ocr_line' id='line_1_19' title="bbox 168 1793 1180 1881; baseline -0.002 -21"><span class='ocrx_word' id='word_1_147' title='bbox 168 1820 264 1881; x_wconf 92' lang='lat' dir='ltr'>quam</span> <span class='ocrx_word' id='word_1_148' title='bbox 283 1796 460 1860; x_wconf 84' lang='lat' dir='ltr'>Philoxeno</span> <span class='ocrx_word' id='word_1_149' title='bbox 484 1796 638 1860; x_wconf 79' lang='lat' dir='ltr'>dedisses!</span> <span class='ocrx_word' id='word_1_150' title='bbox 684 1793 863 1878; x_wconf 80' lang='lat' dir='ltr'>Scripseras</span> <span class='ocrx_word' id='word_1_151' title='bbox 883 1794 968 1857; x_wconf 93' lang='lat' dir='ltr'>enim</span> <span class='ocrx_word' id='word_1_152' title='bbox 991 1793 1027 1856; x_wconf 92' lang='lat' dir='ltr'>in</span> <span class='ocrx_word' id='word_1_153' title='bbox 1052 1815 1088 1857; x_wconf 89' lang='lat' dir='ltr'>ea</span> <span class='ocrx_word' id='word_1_154' title='bbox 1108 1815 1180 1858; x_wconf 88' lang='lat' dir='ltr'>esse</span> 
     </span>
     <span class='ocr_line' id='line_1_20' title="bbox 168 1881 1180 1968; baseline -0.004 -19"><span class='ocrx_word' id='word_1_155' title='bbox 168 1887 207 1950; x_wconf 95' lang='lat' dir='ltr'>de</span> <span class='ocrx_word' id='word_1_156' title='bbox 237 1906 382 1949; x_wconf 87' lang='lat' dir='ltr'>sermone</span> <span class='ocrx_word' id='word_1_157' title='bbox 409 1883 541 1968; x_wconf 90' lang='lat' dir='ltr'>Pompei</span> <span class='ocrx_word' id='word_1_158' title='bbox 563 1881 787 1966; x_wconf 86' lang='lat' dir='ltr'>Neapolitano.</span> <span class='ocrx_word' id='word_1_159' title='bbox 832 1881 915 1946; x_wconf 85' lang='lat' dir='ltr'>Eam</span> <span class='ocrx_word' id='word_1_160' title='bbox 946 1881 1028 1945; x_wconf 91' lang='lat' dir='ltr'>mihi</span> <span class='ocrx_word' id='word_1_161' title='bbox 1055 1881 1180 1946; x_wconf 88' lang='lat' dir='ltr'>Patron</span> 
     </span>
     <span class='ocr_line' id='line_1_21' title="bbox 167 1970 1226 2055; baseline 0 -18"><span class='ocrx_word' id='word_1_162' title='bbox 167 1973 320 2037; x_wconf 89' lang='lat' dir='ltr'>Brundisi</span> <span class='ocrx_word' id='word_1_163' title='bbox 356 1973 501 2037; x_wconf 86' lang='lat' dir='ltr'>reddidit.</span> <span class='ocrx_word' id='word_1_164' title='bbox 557 1970 728 2055; x_wconf 80' lang='lat' dir='ltr'>Corcyrae,</span> <span class='ocrx_word' id='word_1_165' title='bbox 765 1974 802 2034; x_wconf 86' lang='lat' dir='ltr'>ut</span> <span class='ocrx_word' id='word_1_166' title='bbox 839 1970 967 2054; x_wconf 91' lang='lat' dir='ltr'>opinor,</span> <span class='ocrx_word' id='word_1_167' title='bbox 1004 1975 1178 2054; x_wconf 88' lang='lat' dir='ltr'>acceperat.</span> <span class='ocrx_word' id='word_1_168' title='bbox 1194 1999 1226 2037; x_wconf 84' lang='lat' dir='ltr'>ao</span> 
     </span>
     <span class='ocr_line' id='line_1_22' title="bbox 167 2057 1180 2145; baseline -0.002 -21"><span class='ocrx_word' id='word_1_169' title='bbox 167 2059 261 2125; x_wconf 89' lang='lat' dir='ltr'>Nihil</span> <span class='ocrx_word' id='word_1_170' title='bbox 281 2061 389 2143; x_wconf 87' lang='lat' dir='ltr'>potuit</span> <span class='ocrx_word' id='word_1_171' title='bbox 413 2082 481 2124; x_wconf 86' lang='lat' dir='ltr'>esse</span> <span class='ocrx_word' id='word_1_172' title='bbox 504 2060 682 2124; x_wconf 88' lang='lat' dir='ltr'>iucundius.</span> <span class='ocrx_word' id='word_1_173' title='bbox 718 2059 800 2122; x_wconf 83' lang='lat' dir='ltr'>Erat</span> <span class='ocrx_word' id='word_1_174' title='bbox 819 2058 904 2122; x_wconf 89' lang='lat' dir='ltr'>enim</span> <span class='ocrx_word' id='word_1_175' title='bbox 923 2058 960 2121; x_wconf 93' lang='lat' dir='ltr'>de</span> <span class='ocrx_word' id='word_1_176' title='bbox 981 2079 1015 2121; x_wconf 92' lang='lat' dir='ltr'>re</span> <span class='ocrx_word' id='word_1_177' title='bbox 1038 2057 1180 2145; x_wconf 88' lang='lat' dir='ltr'>publica,</span> 
     </span>
     <span class='ocr_line' id='line_1_23' title="bbox 168 2145 1180 2234; baseline 0 -24"><span class='ocrx_word' id='word_1_178' title='bbox 168 2148 207 2211; x_wconf 93' lang='lat' dir='ltr'>de</span> <span class='ocrx_word' id='word_1_179' title='bbox 238 2149 404 2234; x_wconf 89' lang='lat' dir='ltr'>opinione,</span> <span class='ocrx_word' id='word_1_180' title='bbox 434 2171 530 2232; x_wconf 86' lang='lat' dir='ltr'>quam</span> <span class='ocrx_word' id='word_1_181' title='bbox 559 2148 587 2211; x_wconf 90' lang='lat' dir='ltr'>is</span> <span class='ocrx_word' id='word_1_182' title='bbox 617 2148 667 2212; x_wconf 88' lang='lat' dir='ltr'>vir</span> <span class='ocrx_word' id='word_1_183' title='bbox 695 2147 829 2211; x_wconf 87' lang='lat' dir='ltr'>haberet</span> <span class='ocrx_word' id='word_1_184' title='bbox 858 2145 1056 2230; x_wconf 81' lang='lat' dir='ltr'>integritatis</span> <span class='ocrx_word' id='word_1_185' title='bbox 1079 2167 1180 2232; x_wconf 89' lang='lat' dir='ltr'>meae,</span> 
     </span>
     <span class='ocr_line' id='line_1_24' title="bbox 169 2235 1180 2320; baseline -0.001 -21"><span class='ocrx_word' id='word_1_186' title='bbox 169 2237 208 2300; x_wconf 92' lang='lat' dir='ltr'>de</span> <span class='ocrx_word' id='word_1_187' title='bbox 242 2235 476 2320; x_wconf 82' lang='lat' dir='ltr'>benevolentia,</span> <span class='ocrx_word' id='word_1_188' title='bbox 514 2259 611 2320; x_wconf 89' lang='lat' dir='ltr'>quam</span> <span class='ocrx_word' id='word_1_189' title='bbox 647 2236 788 2299; x_wconf 88' lang='lat' dir='ltr'>ostendit</span> <span class='ocrx_word' id='word_1_190' title='bbox 820 2257 857 2299; x_wconf 92' lang='lat' dir='ltr'>eo</span> <span class='ocrx_word' id='word_1_191' title='bbox 890 2256 1049 2320; x_wconf 89' lang='lat' dir='ltr'>sermone,</span> <span class='ocrx_word' id='word_1_192' title='bbox 1083 2256 1180 2318; x_wconf 90' lang='lat' dir='ltr'>quem</span> 
     </span>
     <span class='ocr_line' id='line_1_25' title="bbox 168 2321 1181 2409; baseline -0.002 -22"><span class='ocrx_word' id='word_1_193' title='bbox 168 2323 284 2387; x_wconf 89' lang='lat' dir='ltr'>habuit</span> <span class='ocrx_word' id='word_1_194' title='bbox 312 2324 349 2388; x_wconf 91' lang='lat' dir='ltr'>de</span> <span class='ocrx_word' id='word_1_195' title='bbox 377 2324 549 2408; x_wconf 86' lang='lat' dir='ltr'>triumpho</span> <span class='ocrx_word' id='word_1_196' title='bbox 597 2321 660 2388; x_wconf 79' lang='lat' dir='ltr'>Sed</span> <span class='ocrx_word' id='word_1_197' title='bbox 686 2327 794 2387; x_wconf 88' lang='lat' dir='ltr'>tamen</span> <span class='ocrx_word' id='word_1_198' title='bbox 819 2323 882 2386; x_wconf 96' lang='lat' dir='ltr'>hoc</span> <span class='ocrx_word' id='word_1_199' title='bbox 904 2322 1181 2409; x_wconf 87' lang='lat' dir='ltr'>iucundissimum,</span> 
     </span>
     <span class='ocr_line' id='line_1_26' title="bbox 170 2411 1225 2495; baseline 0.004 -21"><span class='ocrx_word' id='word_1_200' title='bbox 170 2412 255 2495; x_wconf 90' lang='lat' dir='ltr'>quod</span> <span class='ocrx_word' id='word_1_201' title='bbox 286 2411 430 2475; x_wconf 88' lang='lat' dir='ltr'>intellexi</span> <span class='ocrx_word' id='word_1_202' title='bbox 457 2417 489 2477; x_wconf 91' lang='lat' dir='ltr'>te</span> <span class='ocrx_word' id='word_1_203' title='bbox 522 2413 561 2476; x_wconf 89' lang='lat' dir='ltr'>ad</span> <span class='ocrx_word' id='word_1_204' title='bbox 592 2433 665 2476; x_wconf 93' lang='lat' dir='ltr'>eum</span> <span class='ocrx_word' id='word_1_205' title='bbox 697 2412 835 2495; x_wconf 89' lang='lat' dir='ltr'>venisse,</span> <span class='ocrx_word' id='word_1_206' title='bbox 867 2415 904 2474; x_wconf 89' lang='lat' dir='ltr'>ut</span> <span class='ocrx_word' id='word_1_207' title='bbox 935 2411 1005 2474; x_wconf 91' lang='lat' dir='ltr'>eius</span> <span class='ocrx_word' id='word_1_208' title='bbox 1035 2411 1180 2474; x_wconf 91' lang='lat' dir='ltr'>animum</span> <span class='ocrx_word' id='word_1_209' title='bbox 1195 2438 1225 2479; x_wconf 80' lang='lat'>25</span> 
     </span>
     <span class='ocr_line' id='line_1_27' title="bbox 170 2493 1180 2585; baseline 0.001 -22"><span class='ocrx_word' id='word_1_210' title='bbox 170 2522 246 2585; x_wconf 85' lang='lat' dir='ltr'>erga</span> <span class='ocrx_word' id='word_1_211' title='bbox 264 2521 314 2563; x_wconf 92' lang='lat' dir='ltr'>me</span> <span class='ocrx_word' id='word_1_212' title='bbox 332 2501 535 2583; x_wconf 87' lang='lat' dir='ltr'>perspiceres.</span> <span class='ocrx_word' id='word_1_213' title='bbox 572 2500 643 2564; x_wconf 90' lang='lat' dir='ltr'>Hoc</span> <span class='ocrx_word' id='word_1_214' title='bbox 661 2501 751 2585; x_wconf 92' lang='lat' dir='ltr'>mihi,</span> <span class='ocrx_word' id='word_1_215' title='bbox 774 2500 914 2583; x_wconf 89' lang='lat' dir='ltr'>inquam,</span> <span class='ocrx_word' id='word_1_216' title='bbox 937 2493 1050 2564; x_wconf 79' lang='lat' dir='ltr'>accidit</span> <span class='ocrx_word' id='word_1_217' title='bbox 1069 2499 1180 2564; x_wconf 92' lang='lat' dir='ltr'>iucun-</span> 
     </span>
    </p>

    <p class='ocr_par' dir='ltr' id='par_1_5' title="bbox 134 2586 1224 3202">
     <span class='ocr_line' id='line_1_28' title="bbox 134 2586 1194 2673; baseline -0.004 -19"><span class='ocrx_word' id='word_1_218' title='bbox 134 2588 356 2654; x_wconf 80' lang='lat' dir='ltr'>6dissumum.</span> <span class='ocrx_word' id='word_1_219' title='bbox 402 2587 450 2652; x_wconf 91' lang='lat' dir='ltr'>De</span> <span class='ocrx_word' id='word_1_220' title='bbox 477 2589 642 2673; x_wconf 87' lang='lat' dir='ltr'>triumpho</span> <span class='ocrx_word' id='word_1_221' title='bbox 676 2593 782 2653; x_wconf 89' lang='lat' dir='ltr'>autem</span> <span class='ocrx_word' id='word_1_222' title='bbox 814 2588 902 2651; x_wconf 92' lang='lat' dir='ltr'>nulla</span> <span class='ocrx_word' id='word_1_223' title='bbox 933 2609 984 2652; x_wconf 95' lang='lat' dir='ltr'>me</span> <span class='ocrx_word' id='word_1_224' title='bbox 1017 2586 1194 2670; x_wconf 85' lang='lat' dir='ltr'>cupiditas¹</span> 
     </span>
     <span class='ocr_line' id='line_1_29' title="bbox 169 2675 1180 2760; baseline -0.001 -21"><span class='ocrx_word' id='word_1_225' title='bbox 169 2698 322 2760; x_wconf 90' lang='lat' dir='ltr'>umquam</span> <span class='ocrx_word' id='word_1_226' title='bbox 348 2677 453 2740; x_wconf 90' lang='lat' dir='ltr'>tenuit</span> <span class='ocrx_word' id='word_1_227' title='bbox 483 2682 557 2741; x_wconf 89' lang='lat' dir='ltr'>ante</span> <span class='ocrx_word' id='word_1_228' title='bbox 584 2677 695 2741; x_wconf 93' lang='lat' dir='ltr'>Bibuli</span> <span class='ocrx_word' id='word_1_229' title='bbox 721 2675 1013 2760; x_wconf 88' lang='lat' dir='ltr'>impudentissimas</span> <span class='ocrx_word' id='word_1_230' title='bbox 1042 2676 1180 2760; x_wconf 86' lang='lat' dir='ltr'>litteras,</span> 
     </span>
     <span class='ocr_line' id='line_1_30' title="bbox 170 2763 1178 2850; baseline 0 -22"><span class='ocrx_word' id='word_1_231' title='bbox 170 2787 249 2848; x_wconf 89' lang='lat' dir='ltr'>quas</span> <span class='ocrx_word' id='word_1_232' title='bbox 283 2764 489 2847; x_wconf 87' lang='lat' dir='ltr'>amplissume</span> <span class='ocrx_word' id='word_1_233' title='bbox 520 2766 711 2850; x_wconf 85' lang='lat' dir='ltr'>supplicatio</span> <span class='ocrx_word' id='word_1_234' title='bbox 748 2767 918 2830; x_wconf 91' lang='lat' dir='ltr'>consecuta</span> <span class='ocrx_word' id='word_1_235' title='bbox 950 2767 1008 2828; x_wconf 90' lang='lat' dir='ltr'>est.</span> <span class='ocrx_word' id='word_1_236' title='bbox 1055 2763 1085 2827; x_wconf 82' lang='lat' dir='ltr'><strong>A</strong></span> <span class='ocrx_word' id='word_1_237' title='bbox 1113 2786 1178 2846; x_wconf 91' lang='lat' dir='ltr'>quo</span> 
     </span>
     <span class='ocr_line' id='line_1_31' title="bbox 171 2852 1224 2938; baseline 0.003 -22"><span class='ocrx_word' id='word_1_238' title='bbox 171 2853 199 2916; x_wconf 88' lang='lat' dir='ltr'>si</span> <span class='ocrx_word' id='word_1_239' title='bbox 222 2875 258 2916; x_wconf 93' lang='lat' dir='ltr'>ea</span> <span class='ocrx_word' id='word_1_240' title='bbox 280 2857 372 2937; x_wconf 83' lang='lat' dir='ltr'>gesta</span> <span class='ocrx_word' id='word_1_241' title='bbox 396 2858 515 2937; x_wconf 89' lang='lat' dir='ltr'>essent,</span> <span class='ocrx_word' id='word_1_242' title='bbox 538 2875 619 2938; x_wconf 90' lang='lat' dir='ltr'>quae</span> <span class='ocrx_word' id='word_1_243' title='bbox 643 2854 784 2938; x_wconf 88' lang='lat' dir='ltr'>scripsit,</span> <span class='ocrx_word' id='word_1_244' title='bbox 812 2852 983 2938; x_wconf 79' lang='lat' dir='ltr'>gauderem</span> <span class='ocrx_word' id='word_1_245' title='bbox 1006 2855 1038 2915; x_wconf 93' lang='lat' dir='ltr'>et</span> <span class='ocrx_word' id='word_1_246' title='bbox 1060 2852 1224 2918; x_wconf 84' lang='lat' dir='ltr'>honoriae</span> 
     </span>
     <span class='ocr_line' id='line_1_32' title="bbox 171 2939 1176 3027; baseline 0.001 -24"><span class='ocrx_word' id='word_1_247' title='bbox 171 2941 320 3027; x_wconf 71' lang='lat' dir='ltr'>faverem,</span> <span class='ocrx_word' id='word_1_248' title='bbox 341 2962 428 3005; x_wconf 86' lang='lat' dir='ltr'>nunc</span> <span class='ocrx_word' id='word_1_249' title='bbox 449 2941 555 3026; x_wconf 92' lang='lat' dir='ltr'>illum,</span> <span class='ocrx_word' id='word_1_250' title='bbox 585 2943 641 3026; x_wconf 93' lang='lat' dir='ltr'>qui</span> <span class='ocrx_word' id='word_1_251' title='bbox 663 2943 775 3026; x_wconf 88' lang='lat' dir='ltr'>pedem</span> <span class='ocrx_word' id='word_1_252' title='bbox 801 2944 908 3025; x_wconf 89' lang='lat' dir='ltr'>porta,</span> <span class='ocrx_word' id='word_1_253' title='bbox 936 2941 1042 3024; x_wconf 91' lang='lat' dir='ltr'>quoad</span> <span class='ocrx_word' id='word_1_254' title='bbox 1067 2939 1176 3004; x_wconf 90' lang='lat' dir='ltr'>hostis</span> 
     </span>
     <span class='ocr_line' id='line_1_33' title="bbox 170 3028 1180 3115; baseline 0 -23"><span class='ocrx_word' id='word_1_255' title='bbox 170 3029 215 3092; x_wconf 90' lang='lat' dir='ltr'>cis</span> <span class='ocrx_word' id='word_1_256' title='bbox 229 3028 428 3112; x_wconf 84' lang='lat' dir='ltr'>Euphratem</span> <span class='ocrx_word' id='word_1_257' title='bbox 446 3029 519 3115; x_wconf 76' lang='lat' dir='ltr'>fuit,</span> <span class='ocrx_word' id='word_1_258' title='bbox 532 3052 597 3094; x_wconf 91' lang='lat' dir='ltr'>non</span> <span class='ocrx_word' id='word_1_259' title='bbox 616 3031 773 3114; x_wconf 86' lang='lat' dir='ltr'>extulerit,</span> <span class='ocrx_word' id='word_1_260' title='bbox 791 3029 914 3094; x_wconf 89' lang='lat' dir='ltr'>honore</span> <span class='ocrx_word' id='word_1_261' title='bbox 929 3029 1047 3114; x_wconf 83' lang='lat' dir='ltr'>augeri,</span> <span class='ocrx_word' id='word_1_262' title='bbox 1066 3049 1127 3114; x_wconf 92' lang='lat' dir='ltr'>me,</span> <span class='ocrx_word' id='word_1_263' title='bbox 1144 3029 1180 3092; x_wconf 87' lang='lat' dir='ltr'>in</span> 
     </span>
     <span class='ocr_line' id='line_1_34' title="bbox 170 3116 1181 3202; baseline -0.002 -21"><span class='ocrx_word' id='word_1_264' title='bbox 170 3117 260 3181; x_wconf 90' lang='lat' dir='ltr'>cuius</span> <span class='ocrx_word' id='word_1_265' title='bbox 285 3118 425 3182; x_wconf 87' lang='lat' dir='ltr'>exercitu</span> <span class='ocrx_word' id='word_1_266' title='bbox 448 3139 537 3201; x_wconf 88' lang='lat' dir='ltr'>spem</span> <span class='ocrx_word' id='word_1_267' title='bbox 559 3118 646 3182; x_wconf 90' lang='lat' dir='ltr'>illius</span> <span class='ocrx_word' id='word_1_268' title='bbox 670 3119 827 3183; x_wconf 88' lang='lat' dir='ltr'>exereitus</span> <span class='ocrx_word' id='word_1_269' title='bbox 851 3116 979 3202; x_wconf 89' lang='lat' dir='ltr'>habuit,</span> <span class='ocrx_word' id='word_1_270' title='bbox 1006 3117 1091 3180; x_wconf 89' lang='lat' dir='ltr'>idem</span> <span class='ocrx_word' id='word_1_271' title='bbox 1112 3138 1181 3181; x_wconf 90' lang='lat' dir='ltr'>non</span> 
     </span>
    </p>
   </div>
   <div class='ocr_carea' id='block_1_3' title="bbox 170 3205 1223 3558">
    <p class='ocr_par' dir='ltr' id='par_1_6' title="bbox 170 3205 1223 3558">
     <span class='ocr_line' id='line_1_35' title="bbox 171 3205 1181 3292; baseline 0 -24"><span class='ocrx_word' id='word_1_272' title='bbox 171 3205 303 3290; x_wconf 91' lang='lat' dir='ltr'>adsequi</span> <span class='ocrx_word' id='word_1_273' title='bbox 322 3206 455 3270; x_wconf 89' lang='lat' dir='ltr'>dedecus</span> <span class='ocrx_word' id='word_1_274' title='bbox 479 3210 528 3270; x_wconf 86' lang='lat' dir='ltr'>est</span> <span class='ocrx_word' id='word_1_275' title='bbox 546 3210 703 3292; x_wconf 89' lang='lat' dir='ltr'>nostrum,</span> <span class='ocrx_word' id='word_1_276' title='bbox 725 3211 883 3292; x_wconf 88' lang='lat' dir='ltr'>nostrum,</span> <span class='ocrx_word' id='word_1_277' title='bbox 906 3205 1037 3289; x_wconf 90' lang='lat' dir='ltr'>inquam</span> <span class='ocrx_word' id='word_1_278' title='bbox 1056 3209 1089 3268; x_wconf 89' lang='lat' dir='ltr'>te</span> <span class='ocrx_word' id='word_1_279' title='bbox 1107 3226 1181 3269; x_wconf 89' lang='lat' dir='ltr'>con-</span> 
     </span>
     <span class='ocr_line' id='line_1_36' title="bbox 170 3293 1223 3379; baseline 0.001 -22"><span class='ocrx_word' id='word_1_280' title='bbox 170 3294 313 3379; x_wconf 82' lang='lat' dir='ltr'>iungens.</span> <span class='ocrx_word' id='word_1_281' title='bbox 351 3293 464 3379; x_wconf 90' lang='lat' dir='ltr'>Itaque</span> <span class='ocrx_word' id='word_1_282' title='bbox 480 3295 587 3358; x_wconf 89' lang='lat' dir='ltr'>omnia</span> <span class='ocrx_word' id='word_1_283' title='bbox 605 3295 752 3378; x_wconf 87' lang='lat' dir='ltr'>experiar</span> <span class='ocrx_word' id='word_1_284' title='bbox 770 3298 811 3378; x_wconf 90' lang='lat' dir='ltr'>et,</span> <span class='ocrx_word' id='word_1_285' title='bbox 834 3297 871 3357; x_wconf 93' lang='lat' dir='ltr'>ut</span> <span class='ocrx_word' id='word_1_286' title='bbox 890 3315 992 3377; x_wconf 88' lang='lat' dir='ltr'>spero,</span> <span class='ocrx_word' id='word_1_287' title='bbox 1014 3293 1179 3377; x_wconf 89' lang='lat' dir='ltr'>adsequar.</span> <span class='ocrx_word' id='word_1_288' title='bbox 1194 3317 1223 3358; x_wconf 78' lang='lat' dir='ltr'>aa</span> 
     </span>
     <span class='ocr_line' id='line_1_37' title="bbox 170 3381 1180 3466; baseline 0 -20"><span class='ocrx_word' id='word_1_289' title='bbox 170 3381 293 3458; x_wconf 76' lang='lat' dir='ltr'>Quodsi</span> <span class='ocrx_word' id='word_1_290' title='bbox 311 3386 348 3446; x_wconf 88' lang='lat' dir='ltr'>tu</span> <span class='ocrx_word' id='word_1_291' title='bbox 369 3385 499 3465; x_wconf 88' lang='lat' dir='ltr'>valeres,</span> <span class='ocrx_word' id='word_1_292' title='bbox 518 3383 582 3446; x_wconf 89' lang='lat' dir='ltr'>iam</span> <span class='ocrx_word' id='word_1_293' title='bbox 604 3383 685 3446; x_wconf 91' lang='lat' dir='ltr'>mihi</span> <span class='ocrx_word' id='word_1_294' title='bbox 704 3383 860 3464; x_wconf 89' lang='lat' dir='ltr'>quaedam</span> <span class='ocrx_word' id='word_1_295' title='bbox 878 3383 1045 3466; x_wconf 88' lang='lat' dir='ltr'>explorata</span> <span class='ocrx_word' id='word_1_296' title='bbox 1064 3385 1180 3446; x_wconf 90' lang='lat' dir='ltr'>essent.</span> 
     </span>
     <span class='ocr_line' id='line_1_38' title="bbox 171 3469 581 3558; baseline 0 -24"><span class='ocrx_word' id='word_1_297' title='bbox 171 3469 242 3557; x_wconf 84' lang='lat' dir='ltr'>Sed,</span> <span class='ocrx_word' id='word_1_298' title='bbox 265 3475 302 3536; x_wconf 91' lang='lat' dir='ltr'>ut</span> <span class='ocrx_word' id='word_1_299' title='bbox 326 3493 428 3558; x_wconf 90' lang='lat' dir='ltr'>spero,</span> <span class='ocrx_word' id='word_1_300' title='bbox 450 3471 581 3536; x_wconf 84' lang='lat' dir='ltr'>valebis.</span> 
     </span>
    </p>
   </div>
   <div class='ocr_carea' id='block_1_4' title="bbox 0 0 1320 3884">
    <p class='ocr_par' dir='ltr' id='par_1_7' title="bbox 0 0 1320 3884">
     <span class='ocr_line' id='line_1_39' title="bbox 0 0 1320 3884; baseline 0 0"><span class='ocrx_word' id='word_1_301' title='bbox 0 0 1320 3884; x_wconf 95' lang='lat' dir='ltr'> </span> 
     </span>
    </p>
   </div>
  </div>
 </body>
</html>
