2564 3880
158 194 225 258 424
482 193 520 247 M.
540 193 648 248 TULLI
667 191 857 248 CICERONIS

595 353 744 417 XXXIX.

339 475 395 532 Sor.
410 477 443 530 in
464 475 620 531 Tusculum
638 475 714 528 Non.
728 472 802 528 Sext.
817 491 843 527 a.
859 477 915 528 ⁷09
934 477 1004 542 (45).
1055 476 1064 498 '

464 596 610 653 CICERO
628 595 776 652 ATTICO
794 595 877 652 SAL.

125 725 139 772 1
227 705 254 770 Ο
281 705 502 772 incredibilem
529 705 719 770 vanitatem!
752 703 793 768 ad
819 707 946 787 patrem
975 705 1082 770 ‘domo
1114 705 1184 770 sibi

160 794 332 860 carendum
359 798 493 878 propter
519 792 679 878 matrem',
707 793 752 856 od
772 797 904 858 matrem
925 792 1055 876 plenam
1079 794 1184 877 pieta·
1212 819 1225 859 ⁵

160 885 213 947 tis.
258 882 322 947 Hie
349 886 458 946 sutem
484 882 550 946 iam
577 881 758 966 languescit
781 884 814 944 et
837 880 883 944 ait
907 881 971 945 sibi
993 881 1088 946 illum
1111 883 1185 946 iure

125 989 141 1036 2
160 973 289 1035 iratum.
320 969 383 1035 Sed
400 974 475 1034 utar
492 974 550 1034 tuo
570 969 720 1051 oonsilio,
743 969 884 1034 ‘ouoted'
903 969 989 1034 enim
1008 970 1071 1034 tibi
1085 970 1183 1034 video

160 1059 294 1143 plaeere.
330 1057 478 1140 Romam,
501 1063 539 1122 ut
557 1079 678 1142 censes,
695 1056 833 1142 veniam,
851 1058 907 1120 sed
924 1058 1063 1143 invitus,
1087 1055 1185 1122 valde
1276 1093 1277 1096 ¹

161 1148 248 1211 enim
270 1147 305 1210 in
327 1147 495 1210 scribendo
518 1147 644 1210 haereo.
690 1144 863 1231 ‘Brutum',
891 1145 1012 1231 inquis,
1035 1145 1186 1211 ‘eadem'

162 1235 304 1318 Scilicet,
332 1235 397 1320 sed,
418 1234 484 1298 nisi
511 1234 574 1300 hoo
597 1237 692 1315 esset,
714 1254 765 1297 res
788 1255 840 1297 me
863 1233 928 1297 ista
950 1255 1018 1298 non
1041 1239 1186 1319 cogeret.
1200 1261 1224 1300 ro
1277 1295 1278 1308 ,

161 1321 230 1387 Neo
258 1323 344 1386 enim
371 1323 446 1386 inde
472 1323 575 1405 venit,
602 1322 687 1385 unde
714 1321 858 1404 mallem,
885 1343 990 1406 neque
1020 1322 1076 1386 diu
1100 1323 1187 1387 afuit

161 1432 266 1494 neque
292 1411 393 1475 ullam
420 1411 565 1474 litteram
595 1410 635 1474 ad
663 1430 724 1473 me.
771 1407 834 1474 Sed
857 1414 967 1474 tamen
989 1410 1070 1475 seire
1095 1433 1187 1496 aveo,

163 1500 268 1584 qualis
299 1499 328 1564 ei
357 1499 461 1563 totius
491 1499 618 1562 itineris
649 1519 774 1561 summa
797 1498 903 1562 fuerit.
949 1497 1067 1564 Libros
1087 1499 1187 1582 mihi,
1278 1530 1279 1556 ι

163 1588 202 1651 de
225 1587 344 1671 quibus
367 1587 407 1651 ad
429 1591 462 1650 te
481 1590 577 1651 antea
595 1586 719 1669 scripsi,
742 1585 840 1649 velim
858 1587 971 1651 mittas
991 1591 1025 1651 et
1043 1588 1188 1652 maxime

168 1678 322 1764 Φαίδρου
344 1674 421 1761 περὶ
442 1682 536 1740 θεῶν
558 1679 591 1738 et
614 1677 839 1738 ΠΛΛΙΔΟΣ.
1201 1700 1224 1740 15
1278 1763 1279 1782 ἦ

641 1849 707 1913 XL.

245 1963 303 2019 Sor.
318 1963 350 2017 iu
372 1963 529 2017 Tusculano
552 1961 615 2016 VII
629 1967 680 2016 out
704 1961 748 2016 VI
762 1961 806 2017 Id.
822 1961 895 2016 Seat.
911 1979 937 2016 a.
953 1965 1009 2017 709
1029 1965 1100 2031 (45).

467 2083 614 2139 CICERO
631 2083 780 2138 ΑΤΤΙΟΟ
798 2083 882 2139 SAL.

129 2205 143 2252 1
230 2185 345 2251 Itane?
394 2184 525 2248 nuntiat
562 2183 685 2248 Brutus
725 2183 820 2248 illum
857 2182 897 2248 sd
933 2183 1038 2248 bonos
1076 2185 1188 2250 viros?

164 2273 362 2357 Εὐαγγέλια.
417 2271 480 2338 Sed
511 2271 568 2335 ubi
601 2272 678 2336 eos?
724 2272 788 2336 nisi
820 2272 905 2336 forte
939 2293 973 2336 se
1006 2273 1186 2355 suspendit.
1200 2299 1224 2338 ευ

163 2363 249 2446 †hie
281 2364 389 2425 autem
415 2363 453 2423 ut
479 2359 600 2423 fultum
628 2363 685 2424 est.
731 2358 797 2424 Ubi
824 2361 926 2444 igitur
955 2359 1186 2445 φιλοτέχνημα

163 2450 246 2513 illud
268 2454 371 2530 tuum,
394 2446 481 2531 quod
503 2447 570 2512 vidi
592 2447 628 2510 in
650 2447 865 2534 Parthenone,
886 2447 1026 2511 Ahalam
1049 2452 1082 2512 et
1104 2449 1187 2513 Bru·

164 2537 256 2601 tum?
294 2535 357 2600 Sed
379 2536 457 2618 quid
478 2535 600 2600 faeiat?
623 2533 709 2599 Illud
732 2537 875 2620 optimsz,
900 2535 976 2601 ‘Sed
997 2557 1039 2600 ne
1062 2536 1092 2600 is
1117 2537 1187 2620 qui·

165 2625 246 2709 dem,
270 2625 327 2708 qui
349 2623 494 2688 omnium
516 2623 716 2707 flagitiorum
739 2628 861 2708 suetor,
883 2624 964 2688 bene
987 2623 1026 2688 de
1048 2626 1187 2689 nostro!

164 2712 211 2778 At
238 2734 298 2799 ego
328 2712 475 2797 verebar,
501 2733 542 2775 ne
569 2711 668 2776 etiam
690 2711 812 2776 Brutus
843 2735 916 2776 eum
940 2710 1105 2798 diligeret3
1138 2714 1187 2777 ita
1200 2738 1224 2778 25

165 2801 251 2865 enim
275 2799 473 2884 significarat
496 2800 536 2863 iis
560 2799 688 2880 litteris,
711 2822 791 2884 quas
814 2800 855 2864 ad
876 2822 941 2864 me:
971 2799 1047 2864 ‘Ast
1070 2801 1189 2865 vellem

166 2889 288 2972 aliquid
310 2888 516 2974 degustasses
540 2888 578 2950 de
600 2888 743 2952 fabulis!
780 2887 843 2953 Sed
860 2909 978 2975 eoram,
1000 2892 1039 2952 ut
1059 2889 1187 2954 scribis.

130 2994 146 3041 a
232 2976 307 3040 Etsi
343 2975 421 3059 quid
456 2975 503 3038 mi
538 2980 651 3039 auctor
682 2978 739 3041 es?
784 2976 941 3040 advolone
973 2998 1015 3041 an
1046 2978 1188 3042 maneo?

166 3064 327 3149 Equidem
359 3067 392 3128 et
424 3064 459 3126 in
489 3063 583 3127 libris
611 3063 728 3128 haereo
761 3068 794 3128 et
825 3065 919 3129 illum
950 3064 1004 3128 hio
1035 3066 1187 3149 excipere

165 3155 255 3237 nolu,
286 3152 326 3218 ad
349 3174 454 3238 quem,
476 3156 513 3215 ut
536 3151 649 3236 audio,
670 3156 762 3235 pater
785 3152 881 3217 hodie
904 3152 944 3217 sd
967 3151 1052 3218 Saxa
1075 3154 1190 3234 †aeri-
1204 3180 1229 3219 so

166 3241 283 3306 monia.
329 3239 450 3304 Mirum
479 3261 577 3323 quam
604 3241 754 3304 inimicus
776 3241 861 3325 ibat,
889 3244 926 3304 ut
950 3262 1010 3326 ego
1036 3241 1190 3328 obiurga

166 3351 243 3393 rem.
290 3328 353 3393 Sed
376 3349 435 3412 ego
459 3328 537 3410 ipse,
551 3326 775 3411 κεκέπφωμαι.
814 3327 930 3411 ltaque
953 3329 1098 3412 posthae.
1138 3329 1191 3394 Tu

167 3419 276 3479 tamen
297 3417 379 3499 vide,
413 3414 553 3498 quidde
576 3415 715 3479 adventu
737 3437 809 3479 meo
833 3437 971 3500 censeas,
994 3420 1027 3480 et
1050 3419 1092 3482 τὰ
1115 3419 1190 3502 ὅλα,

168 3524 238 3565 eras
263 3504 290 3567 si
313 3503 453 3586 perspioi
476 3502 651 3586 potuerint,
674 3523 766 3566 mane
790 3503 902 3568 statim
924 3508 962 3567 ut
986 3505 1094 3568 seiam.
