2564 3880
249 111 509 166 EPISTULARUM
526 111 577 168 AD
595 111 760 167 ATTIOUM
777 111 843 166 XIII
862 117 957 166 7-10.
1049 112 1115 179 399

93 254 191 320 Bruti
215 252 442 321 (laelianorum
469 253 567 320 velim
593 253 676 320 mihi
703 254 815 322 miltes
839 257 872 318 el
895 275 914 323 a
936 252 1115 320 Philoxeno

94 346 287 450 Παναιτίου
308 341 386 429 περὶ
407 346 577 429 προνοίας.
614 343 660 408 'l'e
682 341 795 410 Idibus
813 341 930 407 uidebo
948 363 1022 408 oum
1040 343 1115 410 tuis.

577 516 632 582 IX.

232 637 289 694 Sar.
304 637 337 692 ab
356 638 514 693 Tusculano
533 637 614 692 XIV
629 637 667 692 K.
685 638 780 709 Queat.
795 655 821 696 ο.
837 640 894 693 709
912 641 981 706 (45).

67 774 81 814 ο
401 760 549 817 CICERO
566 761 714 818 ΑΤΤΙΟΟ
732 761 817 820 SAL.

164 867 378 938 Commodum
402 871 593 936 discesseras
615 869 696 956 heri,
726 892 800 936 oum
822 869 994 940 Trebatius
1017 869 1117 956 senil,
1136 882 1150 931 1
1228 894 1231 900 ·

94 958 194 1043 paulo
224 961 300 1042 posl
328 956 475 1043 Curtius,
501 958 555 1022 hio
585 957 747 1024 salutandi
773 980 884 1045 eausa,
913 959 969 1024 sed
995 959 1116 1024 mansit

95 1047 264 1114 invilalus.
300 1044 490 1112 'Ihebaiium
508 1046 677 1110 nobiseum
694 1046 860 1113 habemus.
896 1045 1004 1112 Hodie
1022 1067 1116 1111 mane

95 1133 276 1203 Dolabella.
313 1133 438 1200 Mullus
462 1155 568 1200 sermo
586 1134 627 1199 ad
644 1134 785 1202 mullum
803 1135 895 1200 diem
932 1133 1027 1200 Nihil
1044 1155 1116 1218 pos·

55 1250 82 1289 10
97 1244 172 1290 sum
195 1222 300 1288 dioere
322 1221 562 1307 ἐκτενέστερον,
583 1222 668 1288 nihil
686 1225 996 1308 φιλοστοργότερον.
1032 1221 1117 1288 Ven-

96 1315 170 1378 tum
191 1314 242 1376 est
264 1314 375 1378 lamen
398 1309 625 1386 alduinum.
671 1309 777 1376 Malla
799 1312 920 1394 ἄφατα,
944 1310 1116 1396 ἀδιήγητα,

99 1398 156 1464 sed
182 1421 283 1464 unum
311 1398 505 1484 eiusmodi,
533 1399 619 1482 quod
641 1397 707 1464 nisi
729 1399 888 1464 exercilus
912 1399 1023 1486 eoiret,
1049 1421 1117 1466 non

97 1487 195 1552 modo
219 1486 332 1552 Tironi
351 1487 481 1571 dictare,
503 1487 559 1552 sed
577 1508 618 1552 ne
636 1487 707 1571 ipse
725 1487 855 1570 quidem
873 1486 1023 1554 auderem
1041 1487 1117 1552 sosi-

98 1576 182 1640 bere.
228 1573 292 1640 Sed
313 1575 478 1640 haetenus.

56 1690 84 1730 ss
166 1662 342 1748 Εὐκαίρως
365 1663 479 1727 adme
502 1663 605 1748 venit,
632 1683 705 1728 oum
727 1661 880 1728 haberem
901 1660 1117 1749 Dolabellam,

99 1749 300 1834 Torquatus,
327 1750 624 1834 humanissimeque
646 1749 831 1835 Dolabella,
859 1751 977 1833 quibus
1006 1750 1115 1816 verbis

99 1861 206 1904 secum
238 1839 390 1925 egissem,
423 1839 581 1922 exposuit.
633 1836 845 1904 Commodum
874 1838 960 1902 enim
986 1859 1116 1923 egeram

99 1927 361 2012 diligentissime3
385 1949 466 2012 quae
485 1927 654 2012 diligentia
672 1930 767 2011 grata
784 1930 834 1992 est
852 1926 922 1991 visa
941 1925 1116 2010 Torquato.

97 2014 129 2082 A
155 2019 189 2080 le
212 2019 376 2099 exspecto,
407 2013 537 2098 siquid
560 2015 734 2080 deBrulo.
780 2013 982 2099 Quamquam
1004 2011 1151 2080 Nioiasa

56 2130 85 2170 so
98 2103 280 2170 oonfeolum
309 2103 460 2188 putabat,
486 2103 542 2167 sed
571 2103 748 2170 divortium
769 2123 837 2167 non
858 2102 999 2186 probari
1045 2101 1115 2178 Quo

37 2273 41 2280 ι
98 2192 197 2258 eliam
218 2191 324 2277 magis
347 2191 460 2256 laboro
483 2191 569 2256 idem
591 2190 678 2275 quod
699 2194 746 2256 lu.
793 2189 828 2256 si
856 2190 1008 2274 quidest
1030 2191 1117 2256 onim

98 2279 298 2365 offensionis,
319 2278 398 2348 haee
419 2301 472 2344 res
494 2278 613 2344 mederi
635 2282 753 2362 polest.

165 2366 249 2434 Mihi
271 2366 433 2451 Arpinum
457 2367 596 2432 eundum
620 2371 677 2434 est.
713 2365 800 2434 Nam
823 2370 856 2430 el
875 2388 957 2450 opus
974 2370 1026 2432 esl
1044 2388 1118 2432 oon-

97 2456 193 2522 slilui
225 2479 244 2520 a
274 2456 370 2521 nobis
402 2455 460 2520 illa
486 2455 664 2540 praediola,
695 2459 728 2520 el
755 2476 881 2540 vereor,
912 2476 954 2520 ne
981 2456 1117 2522 exeundi

56 2573 82 2613 aa
96 2547 245 2628 poteslas
262 2565 330 2610 non
348 2545 401 2631 sil,
419 2566 494 2608 oum
511 2541 629 2608 Caesar
647 2543 786 2627 venerim
808 2544 848 2609 de
866 2543 958 2608 ouius
976 2543 1118 2610 adventu

96 2655 170 2698 eam
193 2632 377 2715 opinionem
396 2630 567 2698 Dolabella
588 2630 696 2718 habel,
719 2653 817 2715 quam
839 2634 877 2694 lu
900 2631 1118 2701 ooniooluram

96 2720 238 2790 faciebas
271 2742 310 2784 ex
337 2721 456 2786 lilleris
484 2719 662 2786 Messallae.
707 2717 792 2784 Cum
818 2718 898 2784 illue
924 2741 1043 2790 venero
1070 2721 1117 2786 in·

95 2809 327 2895 tellexeroque,
350 2809 429 2892 quid
451 2808 579 2893 nogotii
602 2808 655 2894 sil,
677 2811 759 2894 lum,
781 2806 821 2875 ad
843 2829 925 2891 quos
949 2807 1016 2877 dies
1036 2809 1118 2877 mdi-

96 2901 192 2961 lurus
216 2895 287 2982 sim,
311 2897 449 2961 scribam
472 2895 513 2961 ad
534 2900 576 2960 le.

56 3066 83 3105 ³⁰
96 3140 156 3196 Sar.
171 3140 204 3195 ia
225 3140 381 3196 Tusculano
398 3141 472 3196 aar
489 3157 515 3194 ο.
530 3140 557 3199 d.
573 3035 661 3194 XXIII
670 3145 696 3194 et
708 3139 762 3199 x]
775 3139 813 3198 K.
831 3139 926 3210 Quint.
937 3156 966 3200 ο.
977 3141 1034 3194 709
1047 3141 1117 3208 (45).

404 3244 550 3302 ommno
568 3244 715 3302 ATTICO
733 3244 817 3303 SAL.

165 3336 301 3404 Minime
327 3338 429 3404 miror
456 3341 489 3402 la
519 3339 552 3401 el
575 3336 718 3422 gravilm
741 3336 825 3402 ferre
847 3333 887 3401 de
909 3333 1062 3404 Marcello
1086 3339 1152 3399 etl

95 3425 193 3510 plura
220 3425 325 3492 vereri
351 3425 487 3510 periculi
514 3444 640 3509 genera.
686 3423 765 3500 Quis
788 3423 875 3488 enim
895 3421 958 3487 hoo
980 3422 1119 3507 blmeral‚
