2616 3884
168 173 232 238 188
517 173 554 226 Μ.
574 172 681 227 TULLI
699 171 887 227 CICERONIS

167 317 343 380 amicorum
371 319 442 379 tum
470 337 507 380 ex
538 316 779 399 supplicatione.
825 313 928 390 Quam
952 317 1008 400 qui
1030 339 1097 381 non
1125 316 1177 382 de-

167 405 280 489 crevit,
309 404 382 487 plus
406 403 554 488 decrevit,
578 404 724 487 quamsi
748 425 858 467 omnes
882 404 1040 469 decresset
1063 405 1177 469 trium-

167 492 258 576 phos
308 492 350 557 Ei
381 513 478 575 porro
512 491 662 555 adsensus
695 495 744 555 est
770 513 854 556 unus
881 492 1049 558 familiaris
1076 515 1177 578 meus,

166 579 342 665 Favonius,
373 580 454 643 alter
480 580 598 666 iratus,
628 578 754 643 Hirrus.
801 577 881 643 Cato
910 584 1017 644 autem
1046 584 1078 645 et
1101 582 1177 645 scri-

166 667 272 733 bendo
296 668 399 732 adfuit
422 672 454 731 et
477 667 517 731 ad
539 689 589 730 ma
613 667 651 731 de
674 668 832 731 sententia
851 689 909 732 sua
927 668 1175 733 iucundissimas
1207 696 1222 737 a

166 756 293 820 litteras
320 755 418 819 misit.
466 753 527 818 Sed
555 759 661 818 tamen
688 755 854 841 gratulans
882 755 963 819 mihi
991 753 1108 820 Caesar
1137 758 1177 821 de

168 844 402 928 supplicatione
424 842 603 926 triumphat
627 843 665 906 de
688 844 846 907 sententia
864 840 997 908 Catonis
1022 865 1082 909 nec
1100 845 1177 909 scri-

167 932 226 1015 bit,
249 931 327 1015 quid
348 931 403 994 ille
425 930 601 994 sententiae
624 931 753 1015 dixerit,
781 931 837 994 sed
859 935 995 1017 tantum,
1018 933 1178 1016 supplica·

167 1021 290 1084 tionem
312 1040 385 1083 eum
407 1018 488 1081 mihi
510 1040 575 1083 non
599 1019 782 1083 decrevisse.

132 1125 148 1173 8
234 1106 341 1171 Redeo
373 1107 413 1169 ad
443 1105 585 1171 Hirrum.
636 1103 793 1190 Coeperas
826 1129 898 1171 eum
924 1107 1006 1172 mihi
1034 1109 1224 1194 placare;1o

167 1195 290 1279 perfice.
335 1193 444 1258 Habes
473 1193 632 1280 Scrofam,
659 1194 758 1276 habes
782 1193 905 1260 Silium.
950 1194 1003 1260 Ad
1031 1218 1086 1261 eos
1115 1218 1176 1283 ego

168 1286 200 1346 et
221 1283 286 1346 iam
309 1286 402 1346 antea
425 1282 537 1367 scripsi
560 1283 600 1346 ad
624 1284 731 1366 ipsum
749 1282 891 1348 Hirrum.
927 1283 1071 1349 Locutus
1090 1285 1178 1349 onim

168 1374 236 1435 orat
264 1392 337 1435 cum
362 1371 403 1436 iis
431 1370 595 1435 commode
623 1393 657 1434 se
679 1373 823 1455 potuisse
846 1373 1013 1457 impedire,
1042 1373 1097 1437 sed
1119 1394 1178 1437 no-

166 1459 281 1544 luisse;
304 1459 474 1523 adsensum
497 1463 605 1524 tamen
627 1481 695 1524 esse
719 1457 844 1547 Catoni,
867 1461 1071 1525 amicissumo
1094 1482 1200 1546 meo,

167 1568 239 1611 cum
260 1547 289 1612 is
311 1547 678 1612 honorificentissumam
696 1548 730 1611 iu
748 1570 799 1611 me
818 1549 1010 1613 sententiam
1029 1548 1222 1634 dixisset315

166 1657 225 1700 neo
257 1657 307 1700 mo
339 1636 378 1699 ad
406 1656 440 1699 se
467 1636 550 1699 ullas
577 1636 702 1699 litteras
730 1637 869 1724 misisse,
900 1658 972 1701 cum
1001 1637 1040 1701 ad
1066 1658 1178 1701 omnes

167 1725 337 1788 mitterem.
387 1723 509 1787 Verum
536 1724 669 1788 dicebat.
718 1724 769 1787 Ad
798 1746 871 1788 eum
899 1725 996 1789 enim'
1010 1725 1115 1789 solum
1144 1729 1178 1789 et

131 1830 147 1877 9
167 1813 208 1876 ad
226 1809 448 1895 Crassipedem
471 1832 536 1876 non
559 1812 756 1895 scripseram.
792 1811 901 1897 Atque
923 1812 1002 1877 haec
1021 1813 1176 1877 derebus

166 1900 361 1983 forensibus3
385 1899 551 1963 redeamus
575 1899 713 1964 domum.

232 1987 409 2073 Diiungere
440 2010 491 2051 me
523 1987 563 2051 ab
590 1988 648 2052 illo
676 1987 757 2052 volo.
804 1987 912 2052 Merus
942 1993 989 2052 est
1017 1991 1177 2074 φυρατής,
1192 2019 1221 2056 ao

165 2097 336 2161 germanus
359 2074 530 2139 Lartidius.
622 2153 628 2165 ἱ

179 2197 293 2264 ‘’Assa
315 2201 355 2264 τὰ
378 2195 439 2282 μὲν
462 2199 685 2285 προτετύχθαι
709 2199 848 2284 ἐάσομεν
872 2199 1055 2284 ἀχνύμενοί
1074 2201 1161 2286 asp?

164 2336 302 2421 Reliqua
327 2340 546 2422 expediamus,
568 2338 630 2404 hoc
655 2339 808 2424 primum,
832 2341 918 2424 quod
942 2340 1074 2404 accessit
1099 2361 1177 2405 cura

165 2426 269 2490 dolori
291 2449 371 2491 meo.
418 2425 482 2490 Sed
508 2430 616 2491 tamen
638 2428 707 2511 hoe,
732 2429 883 2512 quicquid
906 2433 963 2512 est,
985 2427 1176 2493 Precianum

164 2535 238 2577 cum
267 2514 306 2578 iis
332 2515 530 2601 rationibus,
561 2537 640 2599 quas
663 2516 717 2580 ille
739 2538 825 2580 meas
848 2521 981 2602 tractat,
1009 2516 1174 2580 admisceri
1189 2545 1217 2584 25

162 2601 248 2666 nolo.
295 2601 416 2686 Scripsi
443 2604 483 2667 ad
505 2603 700 2690 Terentiam,
728 2605 842 2688 scripsi
873 2605 969 2669 etiam
994 2605 1175 2689 adipsum,

162 2711 223 2775 me,
242 2690 395 2775 quicquid
413 2712 540 2775 possem
557 2713 770 2776 nummorum,
785 2693 825 2756 ad
843 2697 1031 2776 apparatum
1049 2694 1175 2776 sperati

163 2778 320 2862 triumphi
350 2780 390 2842 ad
417 2783 449 2842 te
477 2780 686 2844 redacturum.
731 2780 783 2843 Ita
809 2785 888 2863 puto
917 2783 1066 2865 ἄμεμπτα
1089 2781 1173 2865 fore,

163 2887 273 2929 rerum
297 2871 333 2930 ut
356 2866 489 2931 lubebit.
526 2866 618 2932 Hanc
641 2889 768 2952 quoque
792 2869 918 2952 suscipe
936 2891 1052 2952 curam,
1077 2890 1172 2952 quem

163 2954 203 3018 ad
224 2954 355 3018 modum
379 2957 586 3039 experiamur.
622 2955 659 3019 Id
682 2960 718 3019 tu
741 2961 773 3020 et
793 2957 960 3022 ostendisti
980 2957 1172 3041 quibusdam
1186 2983 1213 3024 ao

162 3041 280 3106 litteris
308 3065 347 3107 ex
369 3043 470 3127 Epiro
498 3065 541 3109 aa
567 3043 705 3108 Athenis
733 3045 831 3130 datis,
863 3049 895 3109 et
922 3045 957 3108 in
985 3066 1022 3108 eo
1052 3066 1111 3130 ego
1141 3049 1173 3109 te

162 3130 330 3196 adiuvabo.
