2586 3886
162 182 226 248 148
483 179 521 236 M.
542 180 649 234 TULLI
667 177 857 234 CICERONIS

160 329 212 391 est
241 347 322 409 opus
351 324 559 409 adsiduitate,
585 322 771 408 prudentia,
799 322 913 407 gratia.
959 320 1101 403 Tempus
1129 324 1182 383 est

161 413 386 478 necessarium.
428 412 491 477 Sed
513 417 607 496 turpe
631 415 679 474 est
703 433 755 474 me
781 410 930 494 pluribus
953 408 1061 475 uerbis
1085 428 1182 492 agere

161 505 276 566 tecum.

123 607 143 654 4
229 587 397 656 Cicerones
411 589 518 652 nostri
538 590 614 651 sunt
633 586 719 670 apud
737 586 936 669 Deiotarum,
949 585 1024 670 sed,
1048 585 1076 649 si
1095 606 1179 667 opus

162 677 233 761 erit,
257 677 450 740 deducentur
473 675 632 739 Rhodum.
679 674 737 758 Tu,
761 674 789 738 si
813 696 846 738 es
868 673 1000 757 Romae,
1022 675 1060 736 ut
1083 673 1180 757 soles,
1214 692 1231 732 5

162 765 422 850 diligentissime,
450 764 479 828 si
505 764 541 827 in
567 762 683 848 Epiro,
715 763 809 826 mitte
836 765 943 825 tamen
977 761 1018 825 ad
1049 781 1110 825 nos
1139 760 1179 824 de

161 854 228 917 tuis
253 853 393 936 aliquem
415 851 635 936 tabellarium,
659 853 696 914 ut
719 854 752 914 et
775 855 821 933 ta,
850 849 927 933 quid
949 871 1009 914 nos
1033 870 1180 934 agamus,

162 945 194 1004 et
217 963 286 1024 nos,
310 940 388 1023 quid
409 943 447 1003 tu
470 960 546 1024 agas
571 939 712 1022 quidque
735 941 866 1002 acturus
890 939 949 1024 sis,
971 938 1052 1002 scire
1074 937 1179 1022 possi-

161 1050 241 1092 mus.
288 1028 361 1112 Ego
385 1028 435 1092 tui
456 1028 553 1091 Bruti
575 1048 644 1090 rem
668 1027 714 1090 sio
737 1046 812 1111 ago,
840 1028 878 1089 ut
901 1047 992 1090 suam
1018 1025 1087 1108 ipse
1109 1047 1179 1089 non

162 1119 279 1200 ageret.
317 1113 380 1180 Sed
398 1117 463 1180 iam
481 1116 616 1180 exhibeo
635 1113 796 1198 pupillum
813 1135 918 1196 neque
932 1113 1079 1198 defendo,
1099 1117 1179 1177 sunt
1195 1133 1230 1170 10

162 1203 247 1266 enim
268 1203 400 1288 negotia
423 1208 455 1267 et
478 1204 566 1267 lenta
589 1207 622 1266 et
645 1203 761 1267 inania.
807 1200 937 1266 Faciam
963 1206 1072 1266 tamen
1096 1203 1177 1266 satis

161 1291 224 1354 tibi
254 1292 395 1378 quidem,
424 1291 475 1355 cui
506 1291 669 1355 difficilius
698 1295 748 1354 est
776 1312 873 1374 quam
899 1289 978 1375 ipsi3
1008 1289 1064 1355 sed
1091 1294 1179 1354 certe

162 1380 241 1442 satis
264 1379 380 1444 faciam
402 1379 540 1463 utrique.

625 1553 711 1620 XIX.

250 1675 308 1732 Sor.
327 1677 360 1730 iu
377 1677 475 1732 castis
493 1676 532 1730 ad
552 1675 679 1745 Cybistra
697 1675 750 1728 XI
763 1675 801 1728 K.
823 1675 879 1729 Oct.
899 1691 924 1729 a.
945 1677 1000 1729 703
1020 1677 1088 1743 (51).

481 1797 609 1853 CICERO
628 1796 759 1852 ATTICO
780 1796 854 1852 SAL.
1193 1799 1227 1839 15

127 1925 140 1972 1
229 1906 444 1992 Obsignarem
474 1906 541 1970 iam
573 1906 745 1989 epistulam
777 1927 860 1990 eam,
896 1927 993 1990 quam
1028 1909 1108 1988 puto
1142 1910 1177 1971 te

161 1996 256 2059 modo
288 1996 463 2079 perlegisse
496 1995 649 2077 scriptam
674 2017 746 2058 mea
773 2016 885 2078 manu,
911 1994 946 2057 in
976 2015 1040 2077 qua
1067 1994 1177 2058 omnia

161 2083 381 2169 continentur,
410 2104 483 2146 cum
516 2081 624 2146 subito
651 2080 785 2166 Apellae
817 2081 1004 2145 tabellarius
1036 2103 1061 2146 a.
1086 2082 1114 2145 d.
1138 2099 1177 2146 x1

161 2171 233 2234 Kal.
248 2167 404 2234 Octobres
419 2171 556 2253 septimo
575 2170 820 2254 quadragesimo
839 2169 890 2234 die
907 2168 1012 2233 Roma
1030 2169 1177 2234 celeriter

161 2256 239 2343 (hui
261 2261 330 2321 tam
351 2255 482 2345 longel)
504 2257 586 2321 mihi
608 2261 682 2321 tuas
704 2258 831 2322 litteras
854 2257 999 2322 reddidit.
1035 2258 1087 2322 Ex
1107 2259 1177 2341 qui·
1193 2291 1226 2329 20

161 2345 222 2408 bus
246 2367 313 2409 non
335 2346 447 2409 dubito
454 2398 462 2431 ,
489 2346 628 2429 quintu
650 2344 840 2429 Pompeium
862 2346 1070 2429 exspectaris,
1098 2347 1177 2410 dum

162 2433 310 2497 Arimino
333 2433 461 2520 rediret,
485 2437 517 2497 et
539 2434 604 2497 iam
626 2433 662 2497 in
683 2433 820 2517 Epirum
842 2434 1005 2517 profectus
1029 2435 1088 2519 sis,
1109 2457 1177 2498 ma-

163 2522 277 2605 gisque
307 2543 432 2606 vereor,
460 2525 497 2585 ut
528 2522 657 2606 scribis,
685 2543 726 2585 ne
754 2523 790 2585 in
812 2521 914 2605 Epiro
942 2522 1101 2586 sollicitus
1130 2523 1176 2587 sis

162 2631 229 2672 non
251 2609 368 2693 minus,
392 2631 489 2693 quam
511 2631 571 2673 nos
594 2610 647 2674 hic
671 2631 789 2674 sumus.

229 2695 279 2761 De
310 2694 456 2761 Atiliano
488 2699 618 2761 nomine
654 2698 769 2781 scripsi
800 2699 840 2763 ad
870 2697 1098 2783 Philotimum,
1134 2720 1177 2762 ne
1192 2730 1224 2770 as

128 2785 342 2868 nappellaret
374 2785 566 2850 Messallam.
621 2783 750 2850 Itineris
781 2787 887 2850 nostri
917 2787 1038 2851 famam
1070 2787 1111 2850 ad
1141 2790 1176 2851 te

164 2873 347 2955 pervenisse
369 2873 473 2936 laetor
494 2875 661 2958 magisque
683 2874 838 2959 laetabor,
861 2875 890 2938 si
912 2875 1036 2959 reliqua
1059 2895 1177 2959 eogno-

163 2960 217 3024 ris.
263 2959 414 3024 Filiolam
437 2965 527 3025 tuam
549 2962 612 3025 tibi
634 2984 740 3026 caram
763 2985 799 3026 ac
821 2962 993 3027 iucundam
1012 2984 1081 3027 esse
1099 2983 1178 3047 geu-

165 3049 233 3136 deo,
256 3071 388 3132 eamque
411 3071 604 3133 quamquam
626 3072 804 3134 numquam
821 3050 897 3136 vidi,
919 3055 1027 3115 tamen
1051 3054 1083 3114 et
1102 3073 1175 3116 amo
1285 3045 1286 3064 ³

166 3141 197 3200 et
221 3137 390 3201 amabilem
414 3159 484 3201 esse
507 3142 594 3202 certo
618 3138 692 3202 scio.
729 3138 840 3202 Etiam
863 3142 960 3222 etque
979 3139 1077 3203 etiam
1095 3139 1175 3203 vale.
1191 3169 1223 3208 so

129 3242 144 3290 3
231 3223 280 3289 De
298 3224 437 3290 Patrone
461 3230 493 3290 et
516 3226 581 3290 tuis
602 3227 828 3309 condiscipulis
847 3248 928 3310 quae
950 3228 988 3291 de
1006 3227 1176 3311 parietinis
1284 3229 1285 3299 l

164 3313 200 3376 in
222 3313 334 3377 Melita
357 3314 515 3399 laboravi,
543 3336 580 3378 ee
607 3315 669 3378 tibi
696 3319 789 3399 grata
812 3337 881 3379 esse
905 3316 1036 3400 gaudeo
1082 3314 1178 3390 Quod
1283 3387 1284 3390 Ἴ

165 3402 278 3466 scribis
301 3403 421 3466 libente
444 3406 477 3467 te
500 3403 662 3487 repulsam
684 3403 798 3466 tulisse
817 3425 899 3487 eum,
923 3404 979 3487 qui
997 3425 1070 3467 cum
1088 3425 1178 3468 soro·

163 3490 208 3554 ris
238 3495 314 3554 tuae
340 3491 401 3554 filii
430 3495 547 3574 patruo
578 3491 722 3577 certarit,
750 3492 860 3575 magni
890 3492 1007 3556 amoris
1036 3492 1176 3576 signum.
