2586 3886
180 158 243 224 128
284 158 322 212 M.
342 157 450 212 TULLI
469 155 658 211 CICERONIS
680 155 791 210 EPIST.
810 155 861 210 AD
879 155 1045 211 ATTICUM
1062 155 1101 209 IV
1122 161 1168 210 19.

179 302 343 386 gationem
357 300 539 365 amandam!
558 323 656 384 quam
669 299 849 363 mehercule
864 321 924 384 ego
938 300 1032 364 valde
1045 300 1213 364 timebam

178 390 350 454 recordans
375 389 550 472 superioris
574 393 650 452 tuae
672 388 929 452 transmissionis
953 387 1092 472 δέρρεις.
1130 386 1213 474 sed,

178 478 244 542 nisi
265 477 371 562 fallor,
394 477 490 541 citius
510 481 552 562 te,
575 497 672 559 quam
691 476 816 560 seribiS,
838 475 963 540 videbo.
993 474 1096 541 Credo
1116 477 1211 540 enim

179 570 212 629 te
241 570 374 648 putasse
403 569 477 628 tuas
507 565 658 628 mulieres
681 564 717 627 in
734 562 855 646 Apulia
878 585 956 628 esse.
1003 563 1097 640 Quod
1127 585 1209 628 cum

180 675 271 718 secus
302 654 377 738 erit,
407 653 486 736 quid
514 656 547 716 te
570 650 691 734 Apulia
718 652 886 716 moretur?
930 650 1020 716 Num
1044 650 1206 717 Vestorio
1246 678 1262 719 5

181 741 278 805 dandi
310 744 386 804 sunt
418 741 485 804 dies
514 743 547 803 et
573 741 628 804 illc
652 739 788 804 Latinus
817 739 1007 824 ἀττικισμὸς
1035 762 1075 804 cx
1102 741 1208 804 inter-

180 830 266 894 vallo
295 828 533 913 regustandus?
585 827 670 904 Quin
699 832 737 892 tu
766 828 831 892 huc
861 828 992 893 advolas
1023 832 1056 892 et
1086 829 1206 892 invisis

180 917 269 981 illius
291 921 423 981 nostrae
444 917 492 980 rei
520 916 667 1000 publicae
690 914 886 1001 †Germane
910 916 1024 999 putavi
1048 916 1085 980 de
1108 939 1207 980 num-

179 1006 241 1069 mis
265 1008 339 1069 ante
358 1005 490 1069 comitia
508 1004 659 1068 tributim
677 1026 742 1068 uno
760 1005 831 1069 loeo
852 1004 964 1069 divisis
987 1003 1104 1090 palam,
1126 1005 1206 1069 inde

41 1113 131 1161 <xum
146 1113 167 1162 a)
182 1093 368 1157 absolutum
399 1091 573 1157 Gabinium
606 1092 800 1156 dictaturam
828 1093 979 1177 †fruere
1008 1093 1137 1157 iustitio
1170 1097 1206 1158 et
1225 1120 1259 1160 ιο

146 1181 327 1248 somnium
358 1202 466 1245 rerum
500 1180 637 1244 licentia.
690 1179 839 1264 Perspice
875 1181 1070 1264 aequitatem
1101 1181 1206 1245 animi

181 1269 244 1333 mei
268 1274 300 1333 et
323 1269 471 1351 tludum
494 1272 526 1332 et
549 1269 823 1352 contemptionem
846 1266 1050 1333 Seleucianae
1073 1270 1206 1352 provin-

181 1357 249 1422 ciae
272 1361 305 1421 et
322 1357 504 1421 mehercule
522 1378 595 1421 cum
609 1354 745 1421 Caesare
762 1357 987 1422 suavissimam
1003 1357 1205 1422 coniunctio-

182 1467 258 1510 nem
279 1444 372 1532 (haec
396 1445 481 1509 enim
503 1466 554 1509 me
577 1467 642 1509 una
669 1467 709 1509 ex
736 1445 799 1510 hoe
820 1445 990 1530 naufragio
1013 1445 1127 1510 tabula
1150 1445 1205 1509 dc·

181 1532 309 1620 lectat)3
333 1534 389 1617 qui
412 1533 542 1617 quidem
561 1532 718 1609 Quintum
738 1556 846 1598 meum
869 1537 1034 1618 tuumque,
1057 1533 1090 1597 di
1108 1534 1203 1598 boni!
1222 1560 1253 1600 15

183 1621 334 1706 quemad
351 1622 484 1686 modum
503 1625 624 1686 tractat
645 1621 777 1706 honore,
802 1621 969 1707 dignitate,
992 1622 1111 1706 gratia!
1135 1643 1204 1686 non

184 1732 275 1774 secus
311 1732 348 1774 ac
378 1710 407 1773 si
436 1731 496 1794 ego
526 1731 629 1773 essem
663 1710 847 1793 imperator.
892 1708 1037 1774 Hiberna
1062 1710 1203 1794 legionis
1283 1713 1284 1718 ’

183 1798 322 1884 eligendi
353 1798 442 1881 optio
475 1798 580 1861 delata
607 1798 822 1881 commodum,
852 1802 889 1862 ut
920 1798 960 1862 ad
986 1820 1038 1862 me
1061 1796 1202 1873 Quintus

184 1887 306 1951 scribit.
351 1885 447 1950 Hune
470 1890 508 1949 tu
530 1907 598 1949 non
619 1887 729 1950 ames?
752 1908 849 1970 quem
871 1886 972 1971 igitur
995 1886 1155 1949 istorum?
1283 1899 1284 1912 ¹

251 1973 313 2039 Sed
334 1974 416 2038 heus
446 1976 496 2038 tu!
528 1974 759 2056 scripseramne
788 1975 852 2038 tibi
880 1996 931 2038 me
961 1996 1030 2038 esse
1058 1973 1203 2058 legatum
1219 2002 1250 2041 ao

183 2060 337 2144 Pompeio
362 2066 394 2125 et
417 2066 508 2125 extra
530 2062 643 2126 urbem
662 2062 792 2145 quidem
810 2063 879 2126 fore
902 2085 941 2126 ex
958 2061 1072 2126 Idibus
1089 2061 1204 2126 Ianua-

183 2149 263 2213 riis?
308 2149 425 2213 Visum
448 2159 498 2213 est
526 2149 589 2214 hoc
617 2150 698 2214 mihi
725 2151 766 2214 ad
795 2151 899 2214 multa
929 2151 1093 2234 quadrare.
1139 2147 1203 2214 Sed

184 2237 262 2320 quid
285 2236 402 2319 plura?
426 2236 557 2323 Coram,
581 2238 710 2323 opinor,
731 2239 872 2325 reliqua,
894 2241 932 2301 ut
955 2242 1124 2303 tutamen
1146 2238 1203 2302 ali-

184 2324 263 2408 quid
285 2329 457 2407 exspectes.
504 2325 663 2408 Dionysio
687 2326 860 2410 plurimam
884 2326 1035 2411 salutem3
1057 2327 1110 2390 oui
1134 2327 1202 2409 qui-

183 2413 256 2476 dem
274 2434 334 2497 ego
352 2435 420 2477 non
438 2415 533 2478 modo
553 2414 688 2500 servavi,
711 2414 883 2478 sedetiam
902 2414 1067 2478 aedificari
1085 2415 1201 2480 locum.
1217 2442 1245 2482 as

184 2498 268 2574 Quid
290 2501 440 2583 quaeris?
471 2502 510 2565 ad
534 2524 692 2568 summam
717 2503 876 2567 laetitiam
898 2524 1016 2586 meam,
1043 2525 1141 2586 quam
1163 2525 1203 2567 ex

184 2591 241 2652 tuo
265 2589 371 2652 reditu
394 2588 495 2674 capio,
516 2611 654 2675 magnus
673 2590 761 2655 illius
777 2591 933 2655 adventus
952 2591 1098 2655 cumulus
1118 2612 1203 2656 acce-

184 2675 241 2740 dit.
287 2675 357 2752 Quo
382 2677 432 2741 die
455 2677 569 2741 adme
592 2679 709 2763 venies,
730 2681 785 2761 foc
807 2683 853 2764 ut,
877 2679 905 2744 si
923 2700 975 2744 me
997 2701 1095 2765 amas,
1119 2680 1203 2762 apud

183 2785 235 2827 me
258 2786 332 2828 cum
354 2765 421 2830 tuis
444 2787 584 2830 maneas.
713 2829 725 2850 ‚
