2616 3884
301 155 556 210 EPISTULARUM
575 157 624 210 AD
643 156 806 211 ATTIGUM
824 155 875 211 Vll
894 163 971 212 3-5.
1087 159 1150 223 197

628 349 666 416 V.

205 454 261 510 Ser.
276 457 307 509 ia
325 455 478 510 Formiuaw
496 456 558 510 XV
573 456 610 510 K.
630 457 704 522 1611,
722 463 753 510 ut
770 457 885 524 61116111,
904 474 930 510 a.
950 461 1004 511 704
1024 459 1093 524 (50).

460 561 587 616 CICERO
605 559 736 614 ATTICO
756 560 829 614 SAL.

208 651 328 716 Multas
358 673 422 716 uno
452 655 595 734 tempore
622 651 726 734 accepi
757 652 911 734 epistulas
945 655 1032 737 tuas3
1067 670 1183 736 quaer

104 766 123 804 6
142 739 235 824 mihi,
268 761 461 823 quamquam
484 739 662 803 recentiora
684 739 851 803 audiebam
881 761 919 804 ex
942 740 996 824 iis,
1026 741 1081 823 qui
1109 741 1148 804 ad

142 849 192 891 me
214 828 395 914 veniebant,
416 831 525 892 tamen
543 830 634 891 erant
656 827 824 912 iucundae,
848 828 990 891 studium
1013 829 1097 892 enim
1116 833 1148 892 et

141 915 396 980 benevolentiam
418 915 628 980 declarabant.
666 912 856 979 Valetudine
883 920 940 979 tua
961 938 1093 980 moveor
1116 921 1148 981 et

140 1002 256 1067 Piliam
279 1004 314 1067 in
334 1004 419 1068 idem
441 1025 542 1088 genus
564 1003 670 1066 morbi
693 1003 855 1087 delapsam
881 1026 989 1068 curam
1011 1004 1073 1068 tibi
1096 1005 1148 1068 ed-

140 1092 223 1155 ferre
245 1092 399 1156 maiorem
425 1092 537 1156 sentio.
580 1091 663 1155 Date
688 1091 789 1176 igitur
815 1113 958 1176 operam,
984 1096 1021 1156 ut
1046 1092 1147 1156 valea-

95 1206 127 1244 16
141 1180 193 1243 tis.
247 1179 296 1244 De
330 1179 447 1244 Tirone
476 1180 567 1244 video
601 1179 663 1243 tibi
697 1201 788 1243 curae
823 1201 899 1244 esse.
945 1179 1046 1255 Quem
1080 1181 1182 1264 qui-a

141 1268 213 1331 dem
236 1289 309 1354 ege,
339 1269 401 1332 etsi
422 1267 578 1332 mirabilis
606 1266 764 1331 utilitates
791 1267 871 1332 mihi
900 1267 1045 1352 praebet,
1074 1291 1147 1333 cum

141 1356 240 1442 valet,
268 1357 303 1419 in
332 1355 419 1420 omni
446 1376 560 1441 genere
582 1355 633 1420 vel
659 1356 863 1440 negotiorum
886 1356 937 1419 vel
967 1357 1147 1420 studiorum

142 1466 302 1528 meorum,
332 1448 440 1508 tamen
469 1447 602 1528 propter
633 1443 865 1507 humanitatem
894 1448 927 1507 et
955 1445 1146 1508 modestiam

141 1533 225 1596 malo
249 1533 374 1596 salvum
402 1554 498 1615 quam
524 1535 655 1615 propter
678 1554 773 1595 usum
794 1553 909 1595 meum.
954 1531 1145 1618 Philogenes
1165 1551 1182 1596 3

97 1643 128 1684 15
141 1641 264 1684 mecum
295 1619 378 1683 nihil
408 1641 561 1704 umquam
593 1620 631 1683 de
661 1619 817 1684 Luscenio
849 1618 976 1683 locutus
1009 1624 1071 1706 est3
1107 1621 1145 1684 de

142 1708 254 1772 ceteris
284 1708 380 1772 rebus
410 1707 508 1771 habes
535 1707 736 1791 Dionysium.
783 1707 932 1772 Sororem
961 1711 1051 1771 tuam
1079 1729 1146 1772 non

140 1797 265 1860 venisse
287 1796 322 1859 in
339 1795 502 1860 Arcanum
524 1797 631 1860 miror.
668 1795 717 1858 De
740 1793 921 1878 Chrysippo
945 1817 1048 1858 meum
1074 1816 1146 1858 con-

141 1884 249 1947 silium
271 1884 402 1966 probari
423 1884 485 1947 tibi
506 1905 573 1948 non
595 1885 729 1948 moleste
752 1885 828 1946 fero.
874 1883 946 1967 Ego
969 1883 1005 1946 in
1027 1882 1146 1947 Tuscu-

139 1971 249 2036 lanum
271 1972 354 2035 nihil
378 1993 452 2036 sane
475 1971 536 2036 hoc
560 1975 716 2056 tempore,
740 1971 868 2036 derium
886 1975 935 2036 est
958 1981 1027 2046 τοῖς
1046 1970 1146 2035 ἀπαν-

102 2086 127 2124 16
140 2071 242 2124 abaco
278 2063 310 2123 et
345 2059 443 2124 habet
475 2060 537 2124 alia
568 2061 760 2146 δύςχρηστα.
811 2057 872 2122 Sed
904 2059 941 2123 de
973 2057 1145 2123 Formiano

141 2147 344 2212 Tarracinam
371 2148 472 2231 pridie
498 2147 569 2212 Kal.
600 2147 665 2212 Ι611.
715 2147 792 2211 Inde
821 2146 1025 2230 Pomptinam
1060 2170 1146 2211 sum-

140 2259 239 2322 mam,
272 2237 345 2299 inde
373 2239 408 2300 111
435 2235 598 2300 Albanum
626 2235 766 2320 Pompei.
815 2233 867 2300 Ita
897 2235 937 2299 ad
965 2235 1078 2299 urbem
1106 2253 1146 2298 111

141 2322 252 2388 Nonas
276 2323 376 2388 natali
398 2346 478 2388 meo.

206 2411 255 2476 De
284 2435 319 2476 re
350 2413 478 2496 publica
509 2413 625 2476 cotidie
658 2413 762 2497 magis
793 2412 901 2476 timeo.
953 2410 1029 2476 Non
1060 2413 1183 2475 61111114

102 2525 127 2564 25
141 2501 228 2585 boni,
249 2504 286 2565 ut
308 2505 474 2586 putantur,
496 2501 708 2564 consentiunt.
741 2499 828 2575 Quos
852 2520 910 2584 ego
935 2501 1059 2583 equites
1082 2499 1145 2563 Ro-

141 2611 266 2674 manos,
296 2611 377 2672 quos
401 2594 563 2653 senatores
587 2589 666 2674 vidi,
694 2589 749 2672 qui
773 2589 923 2653 acerrime
947 2610 1019 2652 cum
1041 2591 1147 2651 cetera

140 2681 211 2741 tum
239 2676 301 2740 hoe
329 2677 391 2741 iter
419 2676 552 2761 Pompei
581 2677 813 2760 vituperarent!
862 2675 943 2740 Pace
978 2698 1058 2759 opus
1088 2679 1145 2740 est.

140 2765 192 2828 Ex
218 2765 353 2830 victoria
385 2787 457 2830 cum
483 2765 586 2829 multa
608 2765 692 2829 mala
715 2769 785 2828 tum
808 2767 892 2828 certe
914 2768 1070 2848 tyrannus
1095 2786 1147 2826 ex-

142 2854 241 2918 sistet.
288 2851 349 2917 Sed
371 2853 449 2918 haec
471 2875 571 2937 prope
593 2853 676 2917 diem
697 2875 811 2917 coram.
856 2850 925 2916 Iam
948 2852 1042 2935 plane
1064 2851 1147 2916 mihi
1175 2887 1177 2893 2

103 2966 129 3005 16
142 2941 243 3026 deest,
273 2942 359 3024 quod
386 2942 425 3005 ad
451 2945 484 3005 te
511 2941 661 3026 scribam,
690 2963 749 3005 nec
779 2941 864 3006 enim
887 2940 925 3003 de
952 2940 1148 3026 republica,

142 3029 227 3112 quod
249 3033 383 3112 uterque
405 3033 553 3094 nostrum
577 3031 637 3093 6611
664 3030 786 3114 eadem,
814 3033 846 3094 61
873 3029 1046 3093 domestica
1068 3032 1147 3092 nota

142 3121 216 3182 sunt
239 3117 404 3181 ambobus.

206 3203 379 3289 Reliquum
398 3209 447 3269 est
465 3205 573 3292 iocari,
591 3205 619 3270 si
636 3205 689 3269 hic
708 3206 801 3269 sinat.
835 3203 920 3269 Nam
938 3225 998 3288 ego
1016 3205 1045 3267 is
1066 3226 1146 3287 sum,
1165 3218 1183 3266 5

142 3293 197 3376 qui
228 3293 278 3356 illi
309 3294 437 3358 concedi
468 3298 579 3378 putem
610 3295 722 3358 utilius
759 3315 842 3378 esse,
878 3293 963 3376 quod
994 3291 1146 3376 postulat,

101 3405 127 3446 66
141 3403 236 3465 quam
260 3382 352 3466 signa
375 3383 518 3446 conferri.
566 3379 642 3446 Sero
666 3383 751 3446 enim
778 3381 957 3445 resistimus
981 3381 1023 3464 ei,
1052 3399 1146 3462 quem

139 3491 196 3553 per
228 3491 328 3534 annos
358 3471 463 3534 decem
491 3470 628 3535 aluimus
654 3473 766 3534 contra
792 3490 860 3533 nos.
907 3467 1001 3542 ‘Quid
1029 3465 1147 3530 senties
