2560 3880
158 158 225 222 490
405 161 407 166 ’
477 156 514 210 M.
533 155 641 210 TULLI
659 150 846 209 CICERONIS

595 382 728 449 XXVII.

314 504 372 561 Scr.
384 505 416 559 ira
433 504 569 574 Arpinati
591 503 618 556 V
632 504 707 558 Noa.
724 502 817 572 Quint.
832 520 858 558 a.
874 507 929 558 710
947 505 1016 571 (44).

461 626 605 682 CICERO
622 625 768 679 ATTICO
786 625 870 681 SAL.

126 753 139 801 1
228 734 357 800 Gaudeo
380 735 413 798 id
434 738 467 798 te
489 733 571 797 mihi
594 733 738 818 suadere,
768 731 853 815 quod
876 749 936 817 ego
958 755 1030 797 mea
1053 737 1172 816 sponte

159 825 262 907 pridie
293 823 435 886 feceram.
480 819 580 906 Nam,
610 843 682 884 cum
713 820 753 884 ad
784 824 817 883 te
848 837 885 883 VI
911 819 1023 885 Nonas
1051 821 1172 906 darem,
1198 846 1209 885 5

161 912 263 975 eidem
285 910 453 975 tabellario
478 908 549 972 dedi
571 909 668 972 etiam
690 908 730 972 ad
753 906 894 972 Sestium
917 908 1055 992 scriptas
1079 910 1171 972 πάνυ

161 1001 394 1084 φιλοστόργως.
440 996 499 1061 Ille
523 1000 644 1081 autem,
671 996 757 1079 quod
778 994 931 1059 Puteolos
954 997 1169 1080 persequitur,

160 1086 312 1171 humane,
341 1085 610 1168 quodqueritur,
636 1085 763 1148 iniuste.
808 1081 885 1146 Non
907 1083 992 1147 enim
1016 1088 1169 1168 egotam
1225 1123 1233 1130 -

157 1175 253 1237 illum
276 1176 451 1256 expectare,
483 1173 559 1235 dum
582 1172 620 1236 de
643 1169 769 1235 Cosano
792 1169 920 1257 rediret,
943 1171 1047 1256 debui,
1071 1193 1168 1254 quam

160 1261 215 1325 ille
238 1265 293 1324 aut
316 1282 382 1324 non
404 1260 465 1344 ire,
493 1262 663 1342 antequam
685 1279 737 1322 me
759 1257 900 1344 vidisset,
923 1263 979 1322 aut
1002 1259 1098 1322 citius
1121 1281 1206 1324 rere

159 1349 250 1412 verti.
297 1345 424 1411 Sciebat
452 1347 536 1410 enim
558 1369 610 1410 me
632 1345 777 1410 celeriter
799 1345 881 1410 velle
903 1346 1062 1429 proficisci
1087 1367 1168 1410 sese

161 1457 222 1519 que
249 1433 289 1499 ad
315 1457 366 1499 me
392 1435 426 1498 in
449 1433 665 1498 Tusculanum
692 1433 863 1528 scripserat
891 1455 960 1497 esse
987 1438 1166 1498 venturum.

124 1523 218 1608 aTe,
244 1526 281 1586 ut
309 1545 327 1586 a
353 1543 405 1586 me
432 1521 628 1604 discesseris,
654 1521 838 1585 lacrimasse
859 1521 994 1585 moleste
1016 1522 1166 1586 ferebam.

159 1610 251 1685 Quod
274 1611 302 1675 si
320 1632 371 1674 me
388 1613 554 1694 praesente
572 1609 711 1693 fecisses,
734 1609 902 1672 consilium
919 1610 1021 1673 totius
1040 1609 1167 1674 itineris

158 1699 296 1762 fortasse
318 1701 502 1762 mutassem.
547 1696 610 1763 Sed
632 1696 714 1760 illud
735 1695 905 1780 praeclare,
929 1697 1015 1779 quod
1036 1701 1069 1762 te
1093 1719 1204 1762 con-1⁵

159 1786 263 1849 solata
286 1789 335 1850 est
359 1807 431 1868 spes
453 1784 543 1849 brevi
565 1788 709 1867 tempore
732 1785 970 1869 congrediendi3
993 1806 1074 1868 quae
1098 1786 1167 1868 qui-

159 1873 230 1937 dem
252 1873 449 1957 exspectatio
472 1894 523 1936 me
545 1872 684 1935 maxime
707 1874 877 1936 sustentat.
913 1871 1004 1936 Meae
1026 1872 1089 1936 tibi
1111 1874 1167 1936 lit-

157 1964 245 2025 terae
275 1982 341 2024 non
374 1961 497 2024 derunt.
542 1959 591 2022 De
622 1959 724 2022 Bruto
757 1958 895 2040 scribam
922 1959 962 2022 ad
988 1963 1021 2023 te
1050 1961 1165 2024 omnia.

157 2047 292 2112 Librum
322 2048 384 2111 tibi
416 2047 560 2112 celeriter
588 2047 716 2111 mittam
746 2045 796 2110 ‘de
824 2045 947 2130 gloria'.
999 2047 1166 2112 excudam

157 2135 279 2219 aliquid
304 2134 567 2222 Ἡρακλείὸειον,
599 2134 685 2217 quod
715 2133 815 2198 lateat
841 2135 877 2197 iu
902 2134 1062 2199 thesauris
1089 2136 1202 2200 tuisse

123 2221 206 2288 3De
232 2223 351 2288 Planco
378 2223 518 2287 memini.
562 2221 673 2285 Attica
701 2222 771 2284 iure
798 2221 950 2304 queritur.
996 2221 1088 2297 Quod
1114 2245 1167 2287 me

158 2310 196 2374 de
213 2308 339 2392 Bacchi,
363 2310 401 2374 de
419 2314 600 2374 statuarum
617 2309 743 2373 coronis
761 2309 930 2373 certiorem
946 2309 1061 2395 fecisti,
1074 2311 1166 2375 valde

158 2402 299 2481 gratum3
322 2419 380 2460 nec
403 2399 573 2480 quicquam
596 2397 731 2479 posthac
752 2417 817 2460 non
836 2397 932 2460 modo
950 2399 1087 2482 tautum,
1111 2399 1166 2462 sed

157 2505 198 2547 ne
227 2483 391 2548 tantulum
422 2485 550 2567 quidem
576 2483 786 2566 praeterieris.
830 2482 877 2547 Et
908 2482 946 2548 de
973 2484 1102 2550 Herode
1132 2489 1164 2549 et

158 2571 273 2635 Mettio
302 2572 477 2636 meminero
505 2576 537 2636 et
567 2572 605 2635 de
635 2572 796 2654 omnibus,
828 2593 909 2654 quae
936 2575 970 2635 te
999 2573 1083 2636 velle
1115 2595 1164 2637 su·
1178 2597 1199 2637 a

159 2658 305 2740 spicabor
332 2659 436 2723 modo.
482 2657 509 2722 Ο
538 2662 665 2741 turpem
689 2659 809 2722 sororis
833 2663 907 2722 tuae
929 2659 1047 2724 filium!
1084 2659 1165 2724 (lum

157 2745 235 2896 hago
262 2745 446 2831 scriberem,
475 2746 668 2811 adventabat
691 2746 774 2832 αὐτῇ
796 2747 953 2830 βουλύσει
976 2749 1164 2813 cenantibus

155 2853 261 2896 no1s.

584 3007 735 3074 xxvru.
829 2979 832 2984 ’

312 3125 369 3182 Scr.
383 3129 415 3182 ia
432 3126 567 3196 Arpinati
588 3127 616 3181 V
630 3129 704 3183 Noa.
721 3127 813 3197 Quart.
828 3147 854 3184 a.
870 3133 924 3186 710
943 3132 1011 3198 (44).
1175 3142 1198 3182 cc

459 3249 602 3305 CICERO
619 3250 765 3305 Arrrco
782 3250 864 3306 SAL.

224 3353 310 3438 Ego,
339 3359 377 3419 ut
404 3356 444 3420 ad
470 3361 502 3420 te
529 3357 631 3441 pridie
653 3357 856 3443 scripseram,
882 3356 986 3424 Nonis
1009 3361 1162 3425 constitu·

158 3459 245 3503 cram
274 3443 382 3507 venire
413 3444 448 3507 iu
473 3442 694 3508 Puteolanum.
739 3444 791 3509 Ibi
818 3446 919 3530 igitur
946 3447 1063 3511 cotidie
1089 3452 1160 3512 tuas
