2586 3886
183 178 246 243 178
500 176 537 230 Μ.
557 175 665 229 TULLI
683 174 871 229 CICERONIS

182 321 327 406 sagacius
351 319 534 384 odorabere
572 323 635 402 Τῆς
659 319 823 403 δάμαρτός
845 342 944 430 μου
929 317 947 382 ὁ
967 317 1195 402 ἀπελεύθερος

182 407 314 496 (οἶσθα,
338 408 377 473 ὃν
400 406 504 494 λέγω)
528 407 622 484 ἔδοξέ
638 432 694 491 μοι
717 408 843 490 πρώην,
867 399 944 483 ἐξ
923 429 971 470 ων
993 405 1194 490 ἀλογευύμε-

181 521 239 574 νος
268 496 533 580 παρεφθέγγετο,
563 494 788 578 πεφυραιιέναι
818 496 876 569 τάς
905 496 1039 577 ψήφους
1071 493 1107 558 ἐπ
1134 503 1194 576 τῆς

181 586 269 669 ἀνής
295 597 362 650 τῶν
385 584 602 669 ὑπαρχόντων
628 593 689 648 τοῦ
712 583 948 692 Κροτωνιάτου
971 585 1194 667 τυραννοκτό-

180 697 252 739 νου.
295 672 441 737 Δέδοικα
466 673 518 754 δή,
546 675 590 784 μή
615 694 647 736 τι
671 672 841 755 ήνυήσῃς.
886 661 947 746 Εἷς
965 672 1074 753 δήπου
1092 680 1237 736 τοῦτοε

182 763 223 844 δή
247 761 526 846 περισκεψάμενος
548 759 589 823 τά
612 761 711 824 λοιπά
735 758 958 841 ἐξασφάλισαι.
1003 757 1080 823 Non
1108 780 1192 843 queo

181 853 323 934 tantum,
350 851 507 931 quantum
529 867 654 932 vereor,
684 847 834 931 ἀρτύνετο,
864 849 901 910 lu
924 844 1031 910 aulzem
1060 847 1126 933 fae
1155 851 1194 910 ut

181 938 261 1001 mihi
279 941 353 1001 lauae
371 936 426 999 1111
412 939 499 1000 lerae
517 936 627 999 volent
613 934 766 998 lebviae.
800 934 888 999 Haec
901 935 974 998 lest
950 938 1058 998 tmans
1077 935 1195 1018 scripsi

181 1025 218 1089 in
246 1025 360 1088 itinere
388 1027 483 1106 atque
512 1024 645 1108 agmine.
690 1022 790 1087 Piliae
821 1025 853 1085 et
882 1022 1008 1105 puellae
1036 1020 1194 1087 Caeciliae

182 1112 376 1178 bellissimae
399 1112 536 1176 salutem
559 1112 652 1175 dices
1209 1135 1241 1173 ιο

668 1285 708 1350 V.

359 1406 416 1462 Ser.
435 1407 581 1461 incastris
603 1407 630 1460 V
646 1406 682 1459 K.
705 1406 797 1475 Quint.
817 1423 843 1460 ιι.
863 1410 918 1462 704
937 1410 1006 1476 (50).

501 1527 628 1584 CICERO
646 1527 777 1583 ATTICO
798 1528 872 1582 SAL.

148 1659 161 1706 1
248 1636 344 1702 Nune
367 1639 494 1722 quidem
517 1639 664 1721 profecto
687 1635 810 1701 Romae
833 1659 875 1701 es.
922 1635 992 1712 Quo
1015 1641 1061 1723 te,
1092 1637 1119 1701 si
1147 1639 1196 1702 ila

183 1731 246 1812 est,
276 1727 400 1791 salvum
423 1727 548 1790 venisse
573 1726 710 1811 gaude03
739 1725 823 1788 unde
852 1726 981 1808 quidem
1011 1747 1108 1808 quam
1138 1726 1195 1790 diu
1210 1751 1242 1792 τε

183 1815 306 1900 aluisti,
335 1814 439 1898 magis
470 1837 488 1878 a
517 1835 569 1876 me
599 1813 709 1877 abesse
737 1813 901 1898 videbare,
931 1835 1027 1896 quam
1055 1814 1083 1877 si
1106 1813 1195 1878 domi
1289 1855 1290 1860 κ

183 1925 282 1987 esses3
309 1903 416 1966 minus
440 1902 524 1965 enim
547 1901 629 1964 mihi
651 1921 740 1964 meae
762 1905 857 1965 notae
885 1922 935 1965 res
960 1905 1062 1985 erant,
1085 1902 1195 1966 minus

183 1991 281 2055 eliam
303 1990 457 2073 publicae.
503 1987 608 2064 Quare
630 1989 740 2074 velim,
767 1990 842 2073 etsi,
864 1993 902 2052 ut
925 2010 1032 2074 spere,
1059 1993 1092 2054 te
1114 1989 1195 2054 haee

182 2078 310 2163 legente
329 2078 530 2160 aliquantum
552 2078 617 2140 iam
639 2077 709 2141 viae
732 2097 925 2160 processero,
948 2081 1058 2140 tamen
1081 2077 1194 2142 obvias
1287 2147 1288 2150 ,

182 2166 265 2230 mihi
295 2164 421 2229 litteras
454 2188 550 2248 quam
583 2165 807 2248 argutissimas
844 2166 882 2229 de
915 2166 1064 2230 omnibus
1092 2166 1194 2232 rebus
1210 2193 1243 2232 so
1286 2241 1287 2244 ς

183 2254 295 2318 erebro
317 2253 444 2338 mistae,
474 2252 633 2335 imprimis
661 2253 700 2316 de
728 2275 791 2336 quo
820 2253 933 2336 scripsi
962 2253 1001 2317 ad
1028 2259 1061 2317 te
1090 2259 1194 2320 antea.

188 2346 252 2424 Τής
275 2340 440 2426 ξυναόρυυ
462 2351 520 2424 τής
544 2340 621 2423 έμής
644 2341 880 2424 οὑξελεύθερος
908 2341 1001 2419 ἔδοξέ
1020 2366 1077 2426 μοι
1099 2345 1195 2427 θαμά

184 2432 385 2513 βατταρίζων
417 2427 472 2493 καὶ
504 2428 617 2493 ἀλύων
647 2429 687 2493 έν
715 2440 785 2505 τοῖς
822 2429 993 2512 ξυλλύγυις
1029 2429 1084 2494 καὶ
1121 2442 1195 2506 ταῖς

183 2515 314 2599 λέσχαις
331 2516 396 2580 ὑπό
416 2540 447 2580 τι
465 2515 691 2602 πεφυραιιέναι
706 2519 763 2592 τὰς
780 2519 914 2600 ψήφους
937 2517 973 2582 ἐν
996 2528 1065 2593 τοῖς
1087 2518 1195 2604 ὑπάρ-

148 2621 302 2687 2χουσιν
331 2616 400 2680 τοῖς
429 2614 489 2669 τοῦ
518 2607 763 2717 Κροτωνιάτου.
818 2604 934 2670 Ηοολ
919 2609 957 2670 λα
989 2604 1119 2690 indaga,
1154 2611 1195 2670 ut
1209 2633 1239 2674 ει

185 2693 282 2778 soles,
309 2696 358 2755 ast
344 2691 442 2755 thoe
463 2693 576 2776 magis.
611 2691 812 2770 Ἐξάστεως
837 2691 1025 2777 ἑπταλόφου
1054 2697 1195 2802 στείχων

182 2745 374 2865 παρέάωκεν
396 2791 488 2864 μνῶν
506 2778 567 2862 κά,
591 2805 634 2865 μή
635 2778 831 2865 ’ὀφείλημα
854 2789 900 2867 τῷ
923 2780 1134 2868 Καμίλλῳ,
1117 2805 1194 2846 εαυ-

183 2871 243 2933 τόν
265 2891 299 2933 τε
323 2868 500 2952 ὀφείλοντα
522 2878 606 2951 μνᾶς
628 2867 678 2933 κδ
703 2867 737 2933 ἐκ
756 2881 822 2933 τῶν
841 2872 1119 2980 Κροτωνιατιιιῶν
1137 2871 1194 2936 καὶ

184 2955 219 3021 έιι
250 2967 318 3021 τῶν
345 2961 641 3108 Χερρονήσιτιιιῶν
660 2981 703 3040 μή
744 2955 799 3020 καὶ
831 2967 914 3041 μνᾶς
945 2963 1193 3071 κληρονομῆσαι
1279 2991 1280 3016 ι

183 3042 246 3128 χμ’,
264 3042 324 3128 χμ’.
355 3039 544 3108 Τούτωνάὲ
558 3040 641 3127 μηδὲ
660 3044 781 3127 ὀβολὸν
800 3046 1038 3128 ἀιευθετήσθαι
1056 3047 1193 3112 πάντων
1207 3073 1237 3113 ω
1278 3109 1279 3123 2

183 3131 434 3215 ὀφειλήθέντων
456 3141 516 3196 τοῦ
540 3130 698 3216 δευτέρου
721 3134 823 3216 μηνὸς
846 3143 884 3218 τῇ
909 3137 1083 3243 νουμχνία.
1124 3136 1192 3200 Τὸν
1277 3211 1278 3231 ρ

183 3217 221 3285 6
248 3220 474 3303 ἀπελεύθερον
505 3220 609 3285 αὐτοῦ
641 3223 721 3285 ὄντα
751 3220 929 3329 ὁμώνυμον
959 3229 1005 3307 τῷ
1032 3224 1193 3300 Κόνωνος

182 3307 282 3394 πατρὶ
313 3305 418 3393 μηδὲν
450 3308 633 3422 ὁλοσχερῶς
666 3308 928 3393 πεφροντικέναι.
988 3313 1097 3376 Ταῦτα
1129 3307 1193 3376 οὖν

182 3408 315 3483 πρῶτον
333 3395 404 3480 μέν,
423 3397 479 3460 ἴνα
496 3397 603 3461 πάντα
623 3397 771 3477 σώζηται,
791 3398 949 3483 δεύτερον
968 3396 1049 3480 δέ,“
1034 3423 1089 3463 ινα
1107 3397 1193 3482 μηδὲ

182 3496 250 3550 τῶν
281 3487 386 3550 τόκων
419 3484 623 3570 ὀλιγωρήσῃς
655 3493 721 3547 τῶν
753 3483 817 3549 ἀπὸ
849 3494 907 3568 τῆς
938 3487 1274 3661 προειιιιειμένήςιι4

1263 3565 1274 3856 1
