2578 3886
299 917 357 1000 Μ.
386 918 578 1001 TULLI
608 917 956 1002 CICERONIS

243 1077 631 1150 EPISTULARUM
663 1078 733 1150 AD
765 1078 1010 1153 ATTIOUM

416 1231 549 1297 omne
572 1230 840 1298 curremus.

613 1512 637 1578 1.

86 1647 100 1688 5
134 1635 193 1691 Ser.
209 1636 241 1690 io
259 1635 351 1704 Epiro
369 1635 441 1690 inter
460 1635 534 1690 Non.
550 1641 575 1689 et
593 1635 777 1702 Ic.1aa.,oc
795 1636 912 1702 videtur,
931 1654 956 1690 a.
972 1639 1029 1690 706
1047 1639 1118 1704 (48).

440 1755 568 1812 CICERO
588 1757 721 1811 ATTICO
740 1756 814 1811 SAL.

185 1865 304 1950 Accepi
328 1889 347 1930 a
370 1869 403 1930 te
426 1865 593 1952 signatum
616 1866 778 1948 libellum,
807 1887 902 1949 quem
925 1864 1066 1930 Anteros
1091 1871 1136 1929 at·
1156 1885 1170 1932 1

114 1953 251 2040 tulerat,
275 1976 313 2018 ex
337 1975 402 2038 quo
425 1954 511 2017 nihil
533 1954 615 2019 scire
638 1954 732 2037 potui
755 1954 793 2017 de
810 1954 932 2018 nostris
952 1953 1136 2018 domesticis

114 2043 223 2108 rebus.
259 2041 309 2107 De
333 2042 452 2126 quibus
476 2042 682 2106 acerbissime
705 2041 861 2128 adflictor,
885 2042 980 2128 quod,
1003 2041 1060 2126 qui
1082 2066 1136 2108 eas

73 2159 101 2198 ιο
116 2131 325 2215 dispensavit,
348 2151 452 2213 neque
476 2131 566 2194 adest
589 2130 664 2194 istic
685 2152 799 2215 neque,
821 2131 879 2194 ubi
901 2135 1060 2195 terrarum
1084 2131 1137 2218 sit,

117 2220 192 2283 scio.
231 2218 367 2283 Omnem
390 2223 500 2283 autem
520 2240 610 2301 spem
633 2218 737 2282 habeo
761 2218 1011 2283 existimationis
1032 2220 1136 2303 priva·

116 2312 287 2391 torumque
314 2328 423 2371 rerum
449 2306 485 2371 in
512 2311 570 2370 tue
601 2327 678 2392 erga
700 2328 752 2371 me
774 2306 856 2370 mihi
878 2307 1137 2391 perspectissime

116 2395 350 2460 benevolentia.
396 2393 499 2470 Quam
527 2394 556 2458 si
579 2393 632 2458 his
655 2395 856 2479 temporibus
880 2396 1006 2460 miseris
1030 2399 1063 2459 et
1086 2417 1137 2460 ex·

115 2483 229 2548 tremis
248 2482 459 2567 praestiteris,
481 2483 560 2547 haec
578 2482 729 2568 pericula,
753 2483 934 2566 quaemihi
953 2485 1137 2548 communia

74 2596 101 2638 15
116 2575 193 2636 sunt
221 2593 294 2635 cum
321 2571 448 2656 ceteris,
481 2571 600 2635 fortius
630 2571 746 2655 feram3
778 2570 875 2655 idque
897 2576 935 2634 ut
957 2571 1071 2657 facias,
1104 2576 1136 2636 te

117 2660 265 2724 obtestor
293 2663 390 2743 atque
420 2659 563 2724 obsecro.
613 2659 687 2743 Ego
716 2660 750 2722 in
778 2659 965 2742 cistophoro
993 2660 1029 2726 in
1057 2659 1171 2726 Asiae

115 2748 219 2812 habeo
250 2746 292 2811 ad
320 2746 508 2826 sestertium
536 2746 589 2810 bis
617 2751 650 2811 et
678 2747 808 2812 viciens.
853 2746 960 2812 Huius
983 2748 1137 2832 pecuniae

115 2836 355 2918 permutatione
377 2835 474 2900 fidem
497 2838 645 2899 nostram
667 2835 761 2899 facile
782 2835 927 2921 tuebere;
952 2857 1049 2919 quam
1068 2837 1137 2920 qui-

117 2924 189 2987 dem
219 2945 279 3008 ego
308 2923 374 2988 nisi
398 2923 582 3007 expeditam
605 2923 788 3007 relinquere
810 2946 862 2988 me
884 2927 1050 3007 putassem
1073 2945 1137 2989 cre·

76 3037 103 3077 ro
117 3012 195 3076 dens
223 3012 266 3095 ei,
299 3012 351 3075 cui
378 3014 416 3076 tu
444 3012 506 3075 scis
534 3011 600 3075 iam
628 3011 754 3095 pridem
781 3011 914 3076 minime
941 3013 1067 3076 credere
1089 3033 1137 3077 me

117 3100 229 3184 debere,
251 3103 470 3164 commoratus
494 3120 597 3164 essem
615 3100 779 3184 paulisper
797 3121 857 3164 nec
874 3099 1066 3164 domesticas
1084 3122 1136 3164 res

116 3187 288 3272 impeditas
317 3187 528 3272 reliquissem.
576 3186 626 3251 Ob
655 3209 789 3272 eamque
817 3210 947 3252 causam
970 3187 1073 3251 serius
1097 3189 1137 3251 ad

117 3279 150 3339 te
178 3276 297 3360 scribo,
327 3276 413 3360 quod
441 3298 512 3341 sero
541 3274 702 3361 intellexi,
735 3275 814 3359 quid
841 3275 1019 3341 timendum
1043 3278 1135 3339 esset.

117 3362 163 3427 'I'e
185 3365 283 3429 etiem
306 3369 406 3449 atque
429 3364 527 3429 etiam
551 3385 618 3448 oro,
641 3368 679 3427 ut
697 3385 749 3427 me
767 3368 876 3428 totum
894 3364 1051 3428 tuendum
1069 3384 1135 3426 sus·

78 3475 104 3516 ss
119 3451 226 3539 cipias,
249 3455 295 3538 ut,
319 3454 348 3516 si
370 3452 394 3516 ii
419 3452 500 3516 salvi
525 3456 628 3538 erunt,
652 3451 845 3535 quibuscum
872 3473 953 3536 sum,
975 3473 1040 3515 una
1063 3471 1136 3514 cum

923 3553 976 3606 21*
