2586 3886
142 127 185 191 92
462 123 499 178 M.
520 123 629 178 TULLI
647 123 835 179 cloarcius

102 287 118 334 3
208 268 253 332 Te
281 289 338 331 oro
367 271 399 332 et
426 267 574 353 obsecro,
605 265 640 331 T.
663 265 836 352 Pomponi,
869 267 897 331 si
926 287 978 330 me
1006 266 1169 330 omnibus

139 356 356 440 amplisslmis,
380 355 555 419 carissimis
577 355 882 439 iucundissimisque
902 355 1000 418 rebus
1023 354 1169 438 perfidia

137 445 307 508 hominum
329 444 512 528 spoliatum,
536 443 564 506 si
583 465 635 506 me
649 466 669 507 a
681 443 762 506 meis
781 442 972 507 consiliariis
992 442 1169 526 proditum

139 536 171 596 et
193 533 372 616 proiectum
395 531 497 616 vides,
525 531 553 596 si
575 531 738 615 intellegis
760 553 812 595 me
839 534 1000 616 coactum,
1026 534 1064 594 ut
1087 530 1167 614 ipse

138 642 189 685 me
212 623 245 684 et
266 639 356 684 meos
379 619 553 704 perderem,
575 621 614 682 ut
631 640 682 682 me
700 623 757 682 tua
775 618 993 683 misericordia
1010 618 1104 683 iuves
1124 622 1163 683 et
1206 644 1228 684 5

139 706 296 784 Quintum
324 708 471 792 fratrem,
506 707 562 790 qui
591 709 701 790 potest
731 727 799 772 esse
829 707 950 791 salvus,
986 710 1166 790 sustentes,

139 794 323 861 Terentiam
352 795 536 878 liberosque
566 815 655 859 meos
685 798 809 880 tueare,
839 817 904 880 me,
937 794 965 858 si
996 798 1094 878 putas
1127 799 1167 858 te

138 883 213 949 istic
239 884 398 968 visurum,
428 887 606 969 exspectes,
634 883 663 946 si
690 883 812 969 minus,
838 883 973 968 invisas,
1002 883 1031 946 si
1053 885 1166 968 potes,

139 971 283 1056 mihique
306 993 345 1036 ex
369 992 447 1056 agro
475 975 533 1035 tuo
562 973 691 1034 tantum
714 971 876 1056 adsignes,
904 974 1061 1054 quantum
1083 992 1165 1035 meo

139 1081 271 1143 corpore
295 1059 443 1142 occupari
466 1062 585 1143 potest,
607 1062 639 1122 et
663 1080 781 1142 pueros
805 1059 917 1123 adme
940 1081 1014 1123 cum
1035 1059 1165 1122 litteris
1185 1085 1226 1123 ιο

140 1147 399 1231 quamprimum
426 1150 458 1211 et
482 1169 579 1230 quam
607 1147 794 1230 saepissime
820 1147 940 1210 mittas.
986 1144 1073 1210 Data
1095 1163 1166 1211 xvr

138 1234 209 1298 Kal.
235 1233 402 1325 Octobres.

613 1409 682 1475 XX.

281 1531 337 1587 Sor.
360 1531 567 1586 Tbescclcaicoc
584 1531 634 1586 IV
649 1531 724 1586 Nou.
746 1531 800 1585 Oct.
821 1548 846 1584 a.
866 1534 922 1584 696
941 1533 1011 1600 (58).

139 1653 267 1710 clonno
294 1655 320 1710 S.
343 1655 377 1710 D.
402 1652 433 1719 Q.
453 1652 617 1709 CAECILIO
642 1651 673 1718 Q.
698 1653 728 1708 F.
751 1651 994 1708 POMPONIANO
1013 1651 1162 1723 ATTICO,
1180 1665 1216 1706 15

104 1763 225 1846 lquod
255 1763 383 1846 quidem
411 1762 459 1825 ita
491 1783 560 1826 esse
593 1765 625 1826 et
658 1761 851 1826 avunculum
882 1764 976 1825 tuum
1008 1761 1162 1826 functum

140 1873 210 1915 esse
239 1851 345 1915 officio
373 1849 652 1914 vehementissime
684 1849 802 1934 probe,
833 1849 969 1933 gaudere
1001 1870 1053 1913 me
1085 1853 1161 1914 tum

140 1939 256 2024 dicam,
287 1939 314 2002 si
344 1937 425 2001 mihi
453 1937 515 2002 hoc
544 1938 643 2002 verbo
670 1937 781 2002 licebit
808 1937 865 2000 uti.
911 1936 965 2000 Me
988 1937 1159 2002 miserum!

140 2048 236 2109 quam
260 2026 368 2089 omnia
391 2029 499 2089 essent
525 2047 565 2088 ex
588 2025 761 2110 sententia,
788 2025 817 2088 si
838 2025 933 2088 nobis
957 2025 1098 2112 animus,
1128 2027 1159 2090 si

139 2113 324 2198 consilium,
347 2113 376 2177 si
397 2113 476 2178 fides
499 2135 624 2197 eorum,
647 2113 765 2196 quibus
789 2113 994 2199 credidimus,
1015 2135 1083 2178 non
1106 2113 1159 2178 de·
1172 2141 1211 2178 eo
1287 2088 1288 2167 i

139 2201 268 2265 fuisset!
314 2198 401 2276 Ouae
432 2201 582 2286 colligere
609 2202 700 2284 n010,
729 2223 769 2264 ne
799 2221 934 2285 augeam
963 2221 1157 2287 maerorem3

139 2288 193 2352 sed
215 2288 278 2352 tibi
300 2288 409 2352 venire
432 2289 468 2352 in
489 2293 632 2353 mentem
654 2292 741 2354 oerto
766 2289 849 2372 scio,
875 2310 956 2371 quae
978 2289 1047 2352 vita
1070 2295 1158 2354 esset
1287 2276 1288 2363 i

136 2380 259 2462 nostra,
282 2397 364 2459 quae
388 2377 540 2463 suavitas,
564 2399 645 2460 quae
669 2376 818 2461 dignitas.
851 2375 903 2440 Ad
922 2397 1003 2460 quae
1026 2398 1157 2461 recupe-
1287 2390 1288 2452 t

137 2463 246 2549 randa,
262 2485 320 2547 per
337 2465 498 2530 fortunasl
516 2465 674 2548 incumbe,
693 2468 730 2528 ut
744 2465 833 2548 facis,
851 2464 998 2547 diemque
1011 2466 1156 2529 natalem
1206 2485 1210 2492 ·
1287 2453 1288 2484 ¹

136 2551 259 2615 reditus
282 2551 346 2615 mei
365 2573 440 2616 cura
457 2556 495 2616 ut
513 2553 549 2616 in
566 2553 633 2617 tuis
652 2552 784 2617 aedibus
804 2553 1037 2616 amoenissimis
1058 2574 1156 2638 egam
1170 2579 1203 2620 ss

136 2643 243 2703 tecum
266 2643 299 2702 et
322 2661 395 2703 cum
417 2640 505 2705 meis.
551 2641 624 2725 Ego
651 2640 728 2705 huic
755 2641 823 2725 spei
851 2644 883 2704 et
911 2642 1156 2725 exspectationi,

137 2748 219 2810 quae
242 2728 338 2791 nobis
361 2729 568 2814 proponitur,
590 2729 728 2792 maxime
759 2733 869 2792 tamen
894 2729 982 2793 volui
1011 2734 1157 2812 praesto-

136 2815 197 2879 lari
229 2816 313 2898 apud
342 2819 375 2879 te
405 2816 441 2879 in
462 2815 580 2899 Epiro,
610 2817 665 2881 sed
694 2817 741 2880 ita
771 2817 811 2880 ad
839 2837 890 2880 me
921 2816 1087 2904 scribitur,
1117 2822 1159 2880 ut

136 2906 249 2986 putem
272 2925 341 2967 esse
365 2904 562 2968 commodius
585 2925 645 2968 nos
670 2905 789 2968 eisdem
811 2903 846 2968 in
868 2904 947 2968 locis
972 2925 1048 2970 esse.

100 3007 116 3054 2
202 2989 252 3055 Dc
275 2991 370 3056 domo
395 2995 426 3055 et
450 2989 601 3056 Curionis
626 2993 785 3078 oratione,
811 2995 849 3055 ut
873 2992 996 3077 scribis,
1024 2992 1071 3056 ita
1094 2996 1154 3058 est.
1170 3019 1199 3058 ao

134 3076 174 3142 In
197 3079 347 3143 universa
371 3081 490 3165 salute,
521 3079 549 3143 si
576 3100 613 3142 ea
635 3080 730 3144 modo
753 3079 849 3144 nobis
872 3080 1078 3167 restituetur,
1107 3080 1156 3144 in·

136 3170 230 3230 erunt
245 3166 365 3254 omnia,
390 3189 427 3231 ex
452 3167 570 3251 quibus
590 3167 675 3231 nihil
692 3169 777 3232 malo
798 3190 894 3250 quam
918 3168 1057 3232 domum.
1091 3165 1156 3232 Sed

134 3254 198 3319 tibi
215 3254 299 3319 nibil
316 3256 433 3321 mando
451 3255 654 3341 nominatim,
677 3260 785 3320 totum
803 3274 855 3320 me
873 3259 931 3320 tuo
951 3256 1053 3321 amori
1067 3255 1155 3322 fidei-

136 3364 198 3425 que
221 3344 416 3408 commendo.

202 3429 294 3506 Quod
321 3435 355 3496 te
381 3432 417 3494 in
444 3435 536 3496 tenta
562 3431 741 3496 hereditate
764 3431 804 3494 ab
833 3432 921 3496 omni
945 3430 1156 3514 occupatione
1169 3457 1197 3499 ss
