<?xml version="1.0" encoding="UTF-8"?>
<!DOCTYPE html PUBLIC "-//W3C//DTD XHTML 1.0 Transitional//EN"
    "http://www.w3.org/TR/xhtml1/DTD/xhtml1-transitional.dtd">
<html xmlns="http://www.w3.org/1999/xhtml" xml:lang="en" lang="en">
 <head>
  <title>
</title>
<meta http-equiv="Content-Type" content="text/html;charset=utf-8" />
  <meta name='ocr-system' content='tesseract 3.04.00' />
  <meta name='ocr-capabilities' content='ocr_page ocr_carea ocr_par ocr_line ocrx_word'/>
</head>
<body>
  <div class='ocr_page' id='page_1' title='image "./scriptaquaemans00mullgoog_0646.png"; bbox 0 0 2454 3876; ppageno 0'>
   <div class='ocr_carea' id='block_1_1' title="bbox 95 121 1086 207">
    <p class='ocr_par' dir='ltr' id='par_1_1' title="bbox 95 121 1086 207">
     <span class='ocr_line' id='line_1_1' title="bbox 95 121 1086 207; baseline 0.02 -19"><span class='ocrx_word' id='word_1_1' title='bbox 95 133 360 192; x_wconf 69' lang='lat' dir='ltr'><strong>mmmmm</strong></span> <span class='ocrx_word' id='word_1_2' title='bbox 378 139 427 194; x_wconf 78' lang='lat' dir='ltr'><strong>m</strong></span> <span class='ocrx_word' id='word_1_3' title='bbox 446 137 608 194; x_wconf 71' lang='lat' dir='ltr'>smmum</span> <span class='ocrx_word' id='word_1_4' title='bbox 625 137 676 193; x_wconf 84' lang='lat' dir='ltr'>xv</span> <span class='ocrx_word' id='word_1_5' title='bbox 696 145 830 196; x_wconf 73' lang='lat' dir='ltr'><strong>lea-19.</strong></span> <span class='ocrx_word' id='word_1_6' title='bbox 894 141 962 207; x_wconf 82' lang='lat'>483</span> <span class='ocrx_word' id='word_1_7' title='bbox 1083 121 1086 124; x_wconf 68' lang='grc'><strong>’</strong></span> 
     </span>
    </p>
   </div>
   <div class='ocr_carea' id='block_1_2' title="bbox 62 276 963 541">
    <p class='ocr_par' dir='ltr' id='par_1_2' title="bbox 62 276 963 541">
     <span class='ocr_line' id='line_1_2' title="bbox 63 276 963 368; baseline 0.008 -27"><span class='ocrx_word' id='word_1_8' title='bbox 63 299 115 342; x_wconf 80' lang='lat' dir='ltr'>mo</span> <span class='ocrx_word' id='word_1_9' title='bbox 149 276 294 344; x_wconf 78' lang='lat' dir='ltr'><strong>Sestium</strong></span> <span class='ocrx_word' id='word_1_10' title='bbox 320 285 401 364; x_wconf 80' lang='lat' dir='ltr'><strong>puto</strong></span> <span class='ocrx_word' id='word_1_11' title='bbox 427 302 494 346; x_wconf 89' lang='lat' dir='ltr'>non</span> <span class='ocrx_word' id='word_1_12' title='bbox 520 281 655 346; x_wconf 82' lang='lat' dir='ltr'><strong>moleste</strong></span> <span class='ocrx_word' id='word_1_13' title='bbox 681 283 770 347; x_wconf 81' lang='lat' dir='ltr'>ferre.</span> <span class='ocrx_word' id='word_1_14' title='bbox 816 282 903 368; x_wconf 81' lang='lat' dir='ltr'>Ego,</span> <span class='ocrx_word' id='word_1_15' title='bbox 932 283 963 348; x_wconf 91' lang='lat' dir='ltr'>si</span> 
     </span>
     <span class='ocr_line' id='line_1_3' title="bbox 63 365 961 456; baseline 0.006 -28"><span class='ocrx_word' id='word_1_16' title='bbox 63 365 83 428; x_wconf 88' lang='lat' dir='ltr'><strong>d</strong></span> <span class='ocrx_word' id='word_1_17' title='bbox 103 386 168 450; x_wconf 85' lang='lat' dir='ltr'>me,</span> <span class='ocrx_word' id='word_1_18' title='bbox 192 367 301 451; x_wconf 80' lang='lat' dir='ltr'>eogiio</span> <span class='ocrx_word' id='word_1_19' title='bbox 320 368 355 432; x_wconf 91' lang='lat' dir='ltr'>in</span> <span class='ocrx_word' id='word_1_20' title='bbox 373 368 595 433; x_wconf 80' lang='lat' dir='ltr'><strong>Tusculanum.</strong></span> <span class='ocrx_word' id='word_1_21' title='bbox 633 369 682 434; x_wconf 77' lang='lat' dir='ltr'>Tu</span> <span class='ocrx_word' id='word_1_22' title='bbox 700 391 785 456; x_wconf 86' lang='lat' dir='ltr'>vero,</span> <span class='ocrx_word' id='word_1_23' title='bbox 809 371 961 454; x_wconf 84' lang='lat' dir='ltr'>quiequid</span> 
     </span>
     <span class='ocr_line' id='line_1_4' title="bbox 62 453 610 541; baseline 0.004 -23"><span class='ocrx_word' id='word_1_24' title='bbox 62 453 130 518; x_wconf 88' lang='lat' dir='ltr'>uod</span> <span class='ocrx_word' id='word_1_25' title='bbox 154 475 208 518; x_wconf 89' lang='lat' dir='ltr'>me</span> <span class='ocrx_word' id='word_1_26' title='bbox 231 454 312 520; x_wconf 80' lang='lat' dir='ltr'>seire</span> <span class='ocrx_word' id='word_1_27' title='bbox 334 476 392 538; x_wconf 82' lang='lat' dir='ltr'>par</span> <span class='ocrx_word' id='word_1_28' title='bbox 416 456 467 541; x_wconf 78' lang='lat' dir='ltr'>sii,</span> <span class='ocrx_word' id='word_1_29' title='bbox 491 460 522 520; x_wconf 80' lang='lat' dir='ltr'>st</span> <span class='ocrx_word' id='word_1_30' title='bbox 543 456 610 521; x_wconf 83' lang='lat' dir='ltr'>tim.</span> 
     </span>
    </p>
   </div>
   <div class='ocr_carea' id='block_1_3' title="bbox 399 681 517 748">
    <p class='ocr_par' dir='ltr' id='par_1_3' title="bbox 399 681 517 748">
     <span class='ocr_line' id='line_1_5' title="bbox 399 681 517 748; baseline 0 0"><span class='ocrx_word' id='word_1_31' title='bbox 399 681 517 748; x_wconf 87' lang='lat' dir='ltr'><strong>XVIII.</strong></span> 
     </span>
    </p>
   </div>
   <div class='ocr_carea' id='block_1_4' title="bbox 64 819 917 959">
    <p class='ocr_par' dir='ltr' id='par_1_4' title="bbox 64 819 917 959">
     <span class='ocr_line' id='line_1_6' title="bbox 64 819 917 959; baseline 0.004 -86"><span class='ocrx_word' id='word_1_32' title='bbox 64 820 99 873; x_wconf 74' lang='lat' dir='ltr'>in</span> <span class='ocrx_word' id='word_1_33' title='bbox 118 819 218 874; x_wconf 62' lang='lat' dir='ltr'>itiitere</span> <span class='ocrx_word' id='word_1_34' title='bbox 236 835 270 874; x_wconf 76' lang='lat' dir='ltr'>ee</span> <span class='ocrx_word' id='word_1_35' title='bbox 287 820 400 874; x_wconf 75' lang='lat' dir='ltr'><strong><em>Antiati</em></strong></span> <span class='ocrx_word' id='word_1_36' title='bbox 408 821 656 959; x_wconf 39' lang='lat' dir='ltr'>afficiam</span> <span class='ocrx_word' id='word_1_37' title='bbox 675 821 756 877; x_wconf 87' lang='lat' dir='ltr'>XVI</span> <span class='ocrx_word' id='word_1_38' title='bbox 769 821 806 876; x_wconf 87' lang='lat' dir='ltr'>K.</span> <span class='ocrx_word' id='word_1_39' title='bbox 824 821 917 891; x_wconf 70' lang='lat' dir='ltr'>Quieti.</span> 
     </span>
     <span class='ocr_line' id='line_1_7' title="bbox 362 908 549 944; baseline 0 0"><span class='ocrx_word' id='word_1_40' title='bbox 362 908 388 944; x_wconf 87' lang='lat' dir='ltr'>a.</span> <span class='ocrx_word' id='word_1_41' title='bbox 544 934 549 944; x_wconf 94' lang='lat'>.</span> 
     </span>
    </p>
   </div>
   <div class='ocr_carea' id='block_1_5' title="bbox 254 1027 662 1085">
    <p class='ocr_par' dir='ltr' id='par_1_5' title="bbox 254 1027 662 1085">
     <span class='ocr_line' id='line_1_8' title="bbox 254 1027 662 1085; baseline 0 -2"><span class='ocrx_word' id='word_1_42' title='bbox 254 1027 399 1084; x_wconf 73' lang='lat' dir='ltr'><strong>CICERO</strong></span> <span class='ocrx_word' id='word_1_43' title='bbox 415 1029 562 1084; x_wconf 77' lang='lat' dir='ltr'><em>Affloo</em></span> <span class='ocrx_word' id='word_1_44' title='bbox 579 1029 662 1085; x_wconf 76' lang='lat' dir='ltr'><strong><em>SAL.</em></strong></span> 
     </span>
    </p>
   </div>
   <div class='ocr_carea' id='block_1_6' title="bbox 56 1153 992 2642">
    <p class='ocr_par' dir='ltr' id='par_1_6' title="bbox 56 1153 992 2642">
     <span class='ocr_line' id='line_1_9' title="bbox 60 1153 992 1240; baseline 0.005 -24"><span class='ocrx_word' id='word_1_45' title='bbox 60 1171 88 1216; x_wconf 91' lang='lat'>11</span> <span class='ocrx_word' id='word_1_46' title='bbox 112 1153 186 1218; x_wconf 77' lang='lat' dir='ltr'><strong>Kal.</strong></span> <span class='ocrx_word' id='word_1_47' title='bbox 210 1154 272 1218; x_wconf 78' lang='lat' dir='ltr'>etei</span> <span class='ocrx_word' id='word_1_48' title='bbox 301 1153 380 1218; x_wconf 82' lang='lat' dir='ltr'>setis</span> <span class='ocrx_word' id='word_1_49' title='bbox 403 1153 534 1218; x_wconf 77' lang='lat' dir='ltr'>videbar</span> <span class='ocrx_word' id='word_1_50' title='bbox 557 1154 723 1237; x_wconf 80' lang='lat' dir='ltr'>scripsisse</span> <span class='ocrx_word' id='word_1_51' title='bbox 746 1154 786 1218; x_wconf 82' lang='lat' dir='ltr'>ad</span> <span class='ocrx_word' id='word_1_52' title='bbox 808 1157 854 1240; x_wconf 80' lang='lat' dir='ltr'>le,</span> <span class='ocrx_word' id='word_1_53' title='bbox 881 1155 959 1238; x_wconf 88' lang='lat' dir='ltr'>quid</span> <span class='ocrx_word' id='word_1_54' title='bbox 979 1173 992 1221; x_wconf 86' lang='lat'>1</span> 
     </span>
     <span class='ocr_line' id='line_1_10' title="bbox 59 1241 959 1327; baseline 0.001 -22"><span class='ocrx_word' id='word_1_55' title='bbox 59 1262 144 1324; x_wconf 85' lang='lat' dir='ltr'>opus</span> <span class='ocrx_word' id='word_1_56' title='bbox 179 1245 276 1325; x_wconf 72' lang='lat' dir='ltr'>esset,</span> <span class='ocrx_word' id='word_1_57' title='bbox 308 1246 341 1306; x_wconf 80' lang='lat' dir='ltr'>et</span> <span class='ocrx_word' id='word_1_58' title='bbox 374 1241 450 1324; x_wconf 88' lang='lat' dir='ltr'>quid</span> <span class='ocrx_word' id='word_1_59' title='bbox 482 1245 515 1306; x_wconf 77' lang='lat' dir='ltr'>ie</span> <span class='ocrx_word' id='word_1_60' title='bbox 549 1242 652 1306; x_wconf 81' lang='lat' dir='ltr'><strong>faeere</strong></span> <span class='ocrx_word' id='word_1_61' title='bbox 681 1241 809 1327; x_wconf 82' lang='lat' dir='ltr'><strong>vellem,</strong></span> <span class='ocrx_word' id='word_1_62' title='bbox 842 1243 870 1306; x_wconf 86' lang='lat' dir='ltr'>si</span> <span class='ocrx_word' id='word_1_63' title='bbox 896 1243 959 1307; x_wconf 76' lang='lat' dir='ltr'>tibi</span> 
     </span>
     <span class='ocr_line' id='line_1_11' title="bbox 59 1328 959 1415; baseline 0.001 -22"><span class='ocrx_word' id='word_1_64' title='bbox 59 1328 153 1393; x_wconf 71' lang='lat' dir='ltr'><strong>edum</strong></span> <span class='ocrx_word' id='word_1_65' title='bbox 182 1333 281 1414; x_wconf 75' lang='lat' dir='ltr'>esset,</span> <span class='ocrx_word' id='word_1_66' title='bbox 308 1333 430 1415; x_wconf 76' lang='lat' dir='ltr'><strong>temen,</strong></span> <span class='ocrx_word' id='word_1_67' title='bbox 456 1350 528 1394; x_wconf 83' lang='lat' dir='ltr'>eum</span> <span class='ocrx_word' id='word_1_68' title='bbox 555 1330 717 1412; x_wconf 76' lang='lat' dir='ltr'>profectus</span> <span class='ocrx_word' id='word_1_69' title='bbox 745 1351 845 1394; x_wconf 82' lang='lat' dir='ltr'>essem</span> <span class='ocrx_word' id='word_1_70' title='bbox 869 1333 902 1393; x_wconf 80' lang='lat' dir='ltr'>ei</span> <span class='ocrx_word' id='word_1_71' title='bbox 923 1330 959 1394; x_wconf 87' lang='lat' dir='ltr'>in</span> 
     </span>
     <span class='ocr_line' id='line_1_12' title="bbox 58 1416 959 1502; baseline 0.002 -23"><span class='ocrx_word' id='word_1_72' title='bbox 58 1417 238 1501; x_wconf 63' lang='lat' dir='ltr'><strong>levigarem,</strong></span> <span class='ocrx_word' id='word_1_73' title='bbox 261 1417 412 1482; x_wconf 79' lang='lat' dir='ltr'><strong>Tironem</strong></span> <span class='ocrx_word' id='word_1_74' title='bbox 434 1417 532 1480; x_wconf 70' lang='lat' dir='ltr'>stetui</span> <span class='ocrx_word' id='word_1_75' title='bbox 558 1416 597 1480; x_wconf 84' lang='lat' dir='ltr'>ad</span> <span class='ocrx_word' id='word_1_76' title='bbox 619 1421 652 1480; x_wconf 81' lang='lat' dir='ltr'>ie</span> <span class='ocrx_word' id='word_1_77' title='bbox 670 1438 739 1481; x_wconf 89' lang='lat' dir='ltr'>esse</span> <span class='ocrx_word' id='word_1_78' title='bbox 756 1417 959 1502; x_wconf 72' lang='lat' dir='ltr'><strong>mittendum,</strong></span> 
     </span>
     <span class='ocr_line' id='line_1_13' title="bbox 65 1504 958 1592; baseline 0.002 -25"><span class='ocrx_word' id='word_1_79' title='bbox 65 1505 219 1589; x_wconf 82' lang='lat' dir='ltr'>negotiis,</span> <span class='ocrx_word' id='word_1_80' title='bbox 243 1526 323 1589; x_wconf 78' lang='lat' dir='ltr'><strong>quae</strong></span> <span class='ocrx_word' id='word_1_81' title='bbox 342 1508 523 1592; x_wconf 76' lang='lat' dir='ltr'><strong>agerentur,</strong></span> <span class='ocrx_word' id='word_1_82' title='bbox 544 1504 724 1589; x_wconf 74' lang='lat' dir='ltr'>inieressei,</span> <span class='ocrx_word' id='word_1_83' title='bbox 746 1509 841 1589; x_wconf 78' lang='lat' dir='ltr'><strong>atque</strong></span> <span class='ocrx_word' id='word_1_84' title='bbox 860 1505 958 1569; x_wconf 76' lang='lat' dir='ltr'>eiiam</span> 
     </span>
     <span class='ocr_line' id='line_1_14' title="bbox 57 1591 958 1678; baseline 0.001 -22"><span class='ocrx_word' id='word_1_85' title='bbox 57 1595 62 1656; x_wconf 74' lang='grc'>’.</span> <span class='ocrx_word' id='word_1_86' title='bbox 91 1593 132 1656; x_wconf 85' lang='lat' dir='ltr'>ed</span> <span class='ocrx_word' id='word_1_87' title='bbox 154 1591 356 1658; x_wconf 79' lang='lat' dir='ltr'><strong>Dolabellam</strong></span> <span class='ocrx_word' id='word_1_88' title='bbox 383 1613 448 1678; x_wconf 87' lang='lat' dir='ltr'>me,</span> <span class='ocrx_word' id='word_1_89' title='bbox 478 1593 506 1656; x_wconf 92' lang='lat' dir='ltr'>si</span> <span class='ocrx_word' id='word_1_90' title='bbox 529 1593 559 1656; x_wconf 88' lang='lat' dir='ltr'>ei</span> <span class='ocrx_word' id='word_1_91' title='bbox 581 1593 755 1677; x_wconf 81' lang='lat' dir='ltr'>videretur,</span> <span class='ocrx_word' id='word_1_92' title='bbox 782 1593 863 1656; x_wconf 80' lang='lat' dir='ltr'><strong>velle</strong></span> <span class='ocrx_word' id='word_1_93' title='bbox 886 1614 958 1675; x_wconf 86' lang='lat' dir='ltr'><strong>pro·</strong></span> 
     </span>
     <span class='ocr_line' id='line_1_15' title="bbox 57 1677 992 1763; baseline 0.002 -20"><span class='ocrx_word' id='word_1_94' title='bbox 57 1731 61 1758; x_wconf 83' lang='lat'>‚</span> <span class='ocrx_word' id='word_1_95' title='bbox 90 1680 234 1763; x_wconf 72' lang='lat' dir='ltr'>petiique</span> <span class='ocrx_word' id='word_1_96' title='bbox 256 1681 296 1746; x_wconf 85' lang='lat' dir='ltr'>ab</span> <span class='ocrx_word' id='word_1_97' title='bbox 320 1703 358 1746; x_wconf 87' lang='lat' dir='ltr'>eo</span> <span class='ocrx_word' id='word_1_98' title='bbox 380 1680 419 1744; x_wconf 88' lang='lat' dir='ltr'>de</span> <span class='ocrx_word' id='word_1_99' title='bbox 446 1679 543 1744; x_wconf 87' lang='lat' dir='ltr'>mulis</span> <span class='ocrx_word' id='word_1_100' title='bbox 570 1684 726 1745; x_wconf 78' lang='lat' dir='ltr'><strong>vecturae.</strong></span> <span class='ocrx_word' id='word_1_101' title='bbox 774 1677 821 1744; x_wconf 82' lang='lat' dir='ltr'>Ui</span> <span class='ocrx_word' id='word_1_102' title='bbox 847 1681 881 1744; x_wconf 89' lang='lat' dir='ltr'>in</span> <span class='ocrx_word' id='word_1_103' title='bbox 903 1679 992 1745; x_wconf 68' lang='lat' dir='ltr'>hise</span> 
     </span>
     <span class='ocr_line' id='line_1_16' title="bbox 57 1767 956 1854; baseline 0 -22"><span class='ocrx_word' id='word_1_104' title='bbox 57 1771 116 1832; x_wconf 76' lang='lat' dir='ltr'>lam</span> <span class='ocrx_word' id='word_1_105' title='bbox 139 1769 292 1854; x_wconf 78' lang='lat' dir='ltr'><strong>intellego</strong></span> <span class='ocrx_word' id='word_1_106' title='bbox 315 1772 348 1832; x_wconf 76' lang='lat' dir='ltr'>te</span> <span class='ocrx_word' id='word_1_107' title='bbox 371 1768 638 1832; x_wconf 76' lang='lat' dir='ltr'>distentissimum</span> <span class='ocrx_word' id='word_1_108' title='bbox 661 1789 730 1832; x_wconf 88' lang='lat' dir='ltr'>esse</span> <span class='ocrx_word' id='word_1_109' title='bbox 753 1789 816 1851; x_wconf 79' lang='lat' dir='ltr'>qua</span> <span class='ocrx_word' id='word_1_110' title='bbox 838 1768 877 1832; x_wconf 87' lang='lat' dir='ltr'>de</span> <span class='ocrx_word' id='word_1_111' title='bbox 894 1767 956 1832; x_wconf 88' lang='lat' dir='ltr'>Bu·</span> 
     </span>
     <span class='ocr_line' id='line_1_17' title="bbox 56 1855 958 1941; baseline 0 -21"><span class='ocrx_word' id='word_1_112' title='bbox 56 1857 92 1941; x_wconf 78' lang='lat' dir='ltr'>is‚</span> <span class='ocrx_word' id='word_1_113' title='bbox 115 1878 178 1938; x_wconf 79' lang='lat' dir='ltr'>qua</span> <span class='ocrx_word' id='word_1_114' title='bbox 201 1856 240 1920; x_wconf 86' lang='lat' dir='ltr'>de</span> <span class='ocrx_word' id='word_1_115' title='bbox 261 1855 374 1939; x_wconf 78' lang='lat' dir='ltr'>Bruto,</span> <span class='ocrx_word' id='word_1_116' title='bbox 396 1856 485 1920; x_wconf 86' lang='lat' dir='ltr'>euius</span> <span class='ocrx_word' id='word_1_117' title='bbox 510 1855 607 1919; x_wconf 78' lang='lat' dir='ltr'><strong>etiem</strong></span> <span class='ocrx_word' id='word_1_118' title='bbox 630 1855 780 1920; x_wconf 88' lang='lat' dir='ltr'><strong>ludorum</strong></span> <span class='ocrx_word' id='word_1_119' title='bbox 803 1861 958 1937; x_wconf 67' lang='lat' dir='ltr'>sumptae</span> 
     </span>
     <span class='ocr_line' id='line_1_18' title="bbox 84 1942 957 2028; baseline 0 -22"><span class='ocrx_word' id='word_1_120' title='bbox 84 1965 193 2008; x_wconf 82' lang='lat' dir='ltr'><strong>eurem</strong></span> <span class='ocrx_word' id='word_1_121' title='bbox 223 1942 588 2009; x_wconf 50' lang='lat' dir='ltr'>&amp;administrationem</span> <span class='ocrx_word' id='word_1_122' title='bbox 611 1943 756 2026; x_wconf 82' lang='lat' dir='ltr'>suspicor</span> <span class='ocrx_word' id='word_1_123' title='bbox 779 1965 818 2008; x_wconf 86' lang='lat' dir='ltr'>ex</span> <span class='ocrx_word' id='word_1_124' title='bbox 840 1963 957 2028; x_wconf 82' lang='lat' dir='ltr'><strong>magna</strong></span> 
     </span>
     <span class='ocr_line' id='line_1_19' title="bbox 63 2030 958 2117; baseline 0 -23"><span class='ocrx_word' id='word_1_125' title='bbox 63 2031 105 2094; x_wconf 83' lang='lat' dir='ltr'>ed</span> <span class='ocrx_word' id='word_1_126' title='bbox 127 2034 161 2096; x_wconf 73' lang='lat' dir='ltr'>te</span> <span class='ocrx_word' id='word_1_127' title='bbox 182 2030 355 2117; x_wconf 75' lang='lat' dir='ltr'>pertinere)</span> <span class='ocrx_word' id='word_1_128' title='bbox 379 2035 416 2095; x_wconf 77' lang='lat' dir='ltr'>ui</span> <span class='ocrx_word' id='word_1_129' title='bbox 438 2052 514 2115; x_wconf 83' lang='lat' dir='ltr'><strong>ergo</strong></span> <span class='ocrx_word' id='word_1_130' title='bbox 536 2031 657 2095; x_wconf 88' lang='lat' dir='ltr'>ineius</span> <span class='ocrx_word' id='word_1_131' title='bbox 676 2030 762 2094; x_wconf 89' lang='lat' dir='ltr'>modi</span> <span class='ocrx_word' id='word_1_132' title='bbox 781 2031 958 2095; x_wconf 72' lang='lat' dir='ltr'>retribues</span> 
     </span>
     <span class='ocr_line' id='line_1_20' title="bbox 66 2118 880 2203; baseline 0.001 -22"><span class='ocrx_word' id='word_1_133' title='bbox 66 2118 198 2201; x_wconf 83' lang='lat' dir='ltr'><strong>paulum</strong></span> <span class='ocrx_word' id='word_1_134' title='bbox 220 2140 348 2203; x_wconf 80' lang='lat' dir='ltr'>operae3</span> <span class='ocrx_word' id='word_1_135' title='bbox 370 2140 428 2183; x_wconf 82' lang='lat' dir='ltr'>nee</span> <span class='ocrx_word' id='word_1_136' title='bbox 450 2119 535 2183; x_wconf 83' lang='lat' dir='ltr'>enim</span> <span class='ocrx_word' id='word_1_137' title='bbox 557 2118 697 2182; x_wconf 73' lang='lat' dir='ltr'><strong>mulium</strong></span> <span class='ocrx_word' id='word_1_138' title='bbox 720 2140 800 2202; x_wconf 88' lang='lat' dir='ltr'>opus</span> <span class='ocrx_word' id='word_1_139' title='bbox 823 2122 880 2182; x_wconf 75' lang='lat' dir='ltr'>est.</span> 
     </span>
     <span class='ocr_line' id='line_1_21' title="bbox 56 2205 956 2290; baseline 0 -21"><span class='ocrx_word' id='word_1_140' title='bbox 56 2206 99 2270; x_wconf 81' lang='lat' dir='ltr'>ihi</span> <span class='ocrx_word' id='word_1_141' title='bbox 130 2227 181 2270; x_wconf 86' lang='lat' dir='ltr'>res</span> <span class='ocrx_word' id='word_1_142' title='bbox 208 2207 248 2270; x_wconf 80' lang='lat' dir='ltr'>sd</span> <span class='ocrx_word' id='word_1_143' title='bbox 275 2205 402 2271; x_wconf 82' lang='lat' dir='ltr'><strong>eaedem</strong></span> <span class='ocrx_word' id='word_1_144' title='bbox 429 2210 461 2271; x_wconf 80' lang='lat' dir='ltr'>ei</span> <span class='ocrx_word' id='word_1_145' title='bbox 488 2228 559 2270; x_wconf 81' lang='lat' dir='ltr'>eam</span> <span class='ocrx_word' id='word_1_146' title='bbox 586 2205 714 2290; x_wconf 89' lang='lat' dir='ltr'><strong>quidem</strong></span> <span class='ocrx_word' id='word_1_147' title='bbox 741 2206 956 2290; x_wconf 79' lang='lat' dir='ltr'><strong>propinquam</strong></span> 
     </span>
     <span class='ocr_line' id='line_1_22' title="bbox 56 2293 955 2377; baseline 0 -20"><span class='ocrx_word' id='word_1_148' title='bbox 56 2316 95 2357; x_wconf 84' lang='lat' dir='ltr'>.re</span> <span class='ocrx_word' id='word_1_149' title='bbox 121 2294 254 2358; x_wconf 79' lang='lat' dir='ltr'>videtur.</span> <span class='ocrx_word' id='word_1_150' title='bbox 298 2293 398 2358; x_wconf 83' lang='lat' dir='ltr'>Vides</span> <span class='ocrx_word' id='word_1_151' title='bbox 419 2294 579 2377; x_wconf 87' lang='lat' dir='ltr'>homines,</span> <span class='ocrx_word' id='word_1_152' title='bbox 608 2293 696 2357; x_wconf 78' lang='lat' dir='ltr'>vides</span> <span class='ocrx_word' id='word_1_153' title='bbox 721 2315 816 2358; x_wconf 78' lang='lat' dir='ltr'><strong>arma.</strong></span> <span class='ocrx_word' id='word_1_154' title='bbox 861 2293 955 2357; x_wconf 85' lang='lat' dir='ltr'>Pror-</span> 
     </span>
     <span class='ocr_line' id='line_1_23' title="bbox 58 2379 958 2466; baseline -0.001 -21"><span class='ocrx_word' id='word_1_155' title='bbox 58 2403 101 2445; x_wconf 89' lang='lat' dir='ltr'>on</span> <span class='ocrx_word' id='word_1_156' title='bbox 122 2381 202 2445; x_wconf 90' lang='lat' dir='ltr'>mihi</span> <span class='ocrx_word' id='word_1_157' title='bbox 225 2382 334 2446; x_wconf 84' lang='lat' dir='ltr'>videor</span> <span class='ocrx_word' id='word_1_158' title='bbox 357 2403 426 2445; x_wconf 85' lang='lat' dir='ltr'>esse</span> <span class='ocrx_word' id='word_1_159' title='bbox 448 2384 547 2445; x_wconf 75' lang='lat' dir='ltr'>tulus.</span> <span class='ocrx_word' id='word_1_160' title='bbox 590 2379 647 2446; x_wconf 86' lang='lat' dir='ltr'>Sin</span> <span class='ocrx_word' id='word_1_161' title='bbox 669 2385 707 2444; x_wconf 79' lang='lat' dir='ltr'>iu</span> <span class='ocrx_word' id='word_1_162' title='bbox 730 2382 823 2445; x_wconf 73' lang='lat' dir='ltr'><strong>aliler</strong></span> <span class='ocrx_word' id='word_1_163' title='bbox 846 2381 958 2466; x_wconf 80' lang='lat' dir='ltr'>seniis,</span> 
     </span>
     <span class='ocr_line' id='line_1_24' title="bbox 80 2467 958 2555; baseline 0 -23"><span class='ocrx_word' id='word_1_164' title='bbox 80 2467 120 2532; x_wconf 80' lang='lat' dir='ltr'>ed</span> <span class='ocrx_word' id='word_1_165' title='bbox 147 2491 198 2534; x_wconf 89' lang='lat' dir='ltr'>me</span> <span class='ocrx_word' id='word_1_166' title='bbox 230 2470 359 2534; x_wconf 76' lang='lat' dir='ltr'>scribas.</span> <span class='ocrx_word' id='word_1_167' title='bbox 405 2467 502 2534; x_wconf 89' lang='lat' dir='ltr'><strong>Domi</strong></span> <span class='ocrx_word' id='word_1_168' title='bbox 529 2469 615 2534; x_wconf 88' lang='lat' dir='ltr'>enim</span> <span class='ocrx_word' id='word_1_169' title='bbox 641 2490 783 2555; x_wconf 81' lang='lat' dir='ltr'><strong>manere,</strong></span> <span class='ocrx_word' id='word_1_170' title='bbox 814 2468 843 2533; x_wconf 86' lang='lat' dir='ltr'>si</span> <span class='ocrx_word' id='word_1_171' title='bbox 871 2473 958 2534; x_wconf 79' lang='lat' dir='ltr'><strong>reete</strong></span> 
     </span>
     <span class='ocr_line' id='line_1_25' title="bbox 56 2557 331 2642; baseline 0.007 -22"><span class='ocrx_word' id='word_1_172' title='bbox 56 2579 94 2642; x_wconf 78' lang='lat' dir='ltr'>m,</span> <span class='ocrx_word' id='word_1_173' title='bbox 114 2557 215 2622; x_wconf 78' lang='lat' dir='ltr'><strong>mulio</strong></span> <span class='ocrx_word' id='word_1_174' title='bbox 238 2557 331 2622; x_wconf 83' lang='lat' dir='ltr'><strong>malo.</strong></span> 
     </span>
    </p>
   </div>
   <div class='ocr_carea' id='block_1_7' title="bbox 56 2729 941 2920">
    <p class='ocr_par' dir='ltr' id='par_1_7' title="bbox 56 2729 941 2920">
     <span class='ocr_line' id='line_1_26' title="bbox 412 2729 496 2796; baseline -0.024 0"><span class='ocrx_word' id='word_1_175' title='bbox 412 2729 496 2796; x_wconf 88' lang='lat' dir='ltr'><strong>XIX.</strong></span> 
     </span>
     <span class='ocr_line' id='line_1_27' title="bbox 56 2848 941 2920; baseline 0 -14"><span class='ocrx_word' id='word_1_176' title='bbox 56 2871 73 2906; x_wconf 82' lang='lat' dir='ltr'><em>n</em></span> <span class='ocrx_word' id='word_1_177' title='bbox 89 2851 240 2907; x_wconf 71' lang='lat' dir='ltr'>Tusculano</span> <span class='ocrx_word' id='word_1_178' title='bbox 256 2852 329 2906; x_wconf 73' lang='lat' dir='ltr'>inter</span> <span class='ocrx_word' id='word_1_179' title='bbox 346 2869 372 2905; x_wconf 81' lang='lat' dir='ltr'>a.</span> <span class='ocrx_word' id='word_1_180' title='bbox 387 2851 413 2904; x_wconf 84' lang='lat' dir='ltr'>d.</span> <span class='ocrx_word' id='word_1_181' title='bbox 429 2851 490 2904; x_wconf 91' lang='lat' dir='ltr'>XV</span> <span class='ocrx_word' id='word_1_182' title='bbox 505 2857 530 2904; x_wconf 78' lang='lat' dir='ltr'>et</span> <span class='ocrx_word' id='word_1_183' title='bbox 547 2851 598 2904; x_wconf 90' lang='lat' dir='ltr'>XI</span> <span class='ocrx_word' id='word_1_184' title='bbox 613 2851 651 2904; x_wconf 91' lang='lat' dir='ltr'>K.</span> <span class='ocrx_word' id='word_1_185' title='bbox 668 2848 759 2919; x_wconf 67' lang='lat' dir='ltr'>Quini.</span> <span class='ocrx_word' id='word_1_186' title='bbox 771 2867 795 2904; x_wconf 82' lang='lat' dir='ltr'>a.</span> <span class='ocrx_word' id='word_1_187' title='bbox 808 2855 862 2906; x_wconf 84' lang='lat'>710</span> <span class='ocrx_word' id='word_1_188' title='bbox 873 2855 941 2920; x_wconf 73' lang='lat'><em>(44).</em></span> 
     </span>
    </p>
   </div>
   <div class='ocr_carea' id='block_1_8' title="bbox 247 2939 656 3028">
    <p class='ocr_par' dir='ltr' id='par_1_8' title="bbox 247 2939 656 3028">
     <span class='ocr_line' id='line_1_28' title="bbox 247 2939 656 3028; baseline -0.005 0"><span class='ocrx_word' id='word_1_189' title='bbox 247 2939 391 3028; x_wconf 67' lang='lat' dir='ltr'>moise</span> <span class='ocrx_word' id='word_1_190' title='bbox 408 2971 554 3027; x_wconf 68' lang='lat' dir='ltr'>Aimoo</span> <span class='ocrx_word' id='word_1_191' title='bbox 572 2971 656 3026; x_wconf 67' lang='lat' dir='ltr'>sle.</span> 
     </span>
    </p>
   </div>
   <div class='ocr_carea' id='block_1_9' title="bbox 56 3080 987 3584">
    <p class='ocr_par' dir='ltr' id='par_1_9' title="bbox 56 3080 987 3165">
     <span class='ocr_line' id='line_1_29' title="bbox 56 3080 987 3165; baseline -0.003 -19"><span class='ocrx_word' id='word_1_192' title='bbox 56 3083 178 3148; x_wconf 81' lang='lat' dir='ltr'>iidnam</span> <span class='ocrx_word' id='word_1_193' title='bbox 204 3084 266 3165; x_wconf 65' lang='lat' dir='ltr'>ess,</span> <span class='ocrx_word' id='word_1_194' title='bbox 293 3080 384 3164; x_wconf 64' lang='lat' dir='ltr'><strong>quod«</strong></span> <span class='ocrx_word' id='word_1_195' title='bbox 409 3080 566 3164; x_wconf 79' lang='lat' dir='ltr'><strong>egendum</strong></span> <span class='ocrx_word' id='word_1_196' title='bbox 594 3081 731 3162; x_wconf 81' lang='lat' dir='ltr'>amplius</span> <span class='ocrx_word' id='word_1_197' title='bbox 755 3080 792 3144; x_wconf 91' lang='lat' dir='ltr'>de</span> <span class='ocrx_word' id='word_1_198' title='bbox 815 3080 987 3144; x_wconf 73' lang='lat' dir='ltr'><strong>Buthro-1</strong></span> 
     </span>
    </p>

    <p class='ocr_par' dir='ltr' id='par_1_10' title="bbox 56 3167 954 3254">
     <span class='ocr_line' id='line_1_30' title="bbox 56 3167 954 3254; baseline -0.006 -19"><span class='ocrx_word' id='word_1_199' title='bbox 56 3171 105 3234; x_wconf 71' lang='lat' dir='ltr'>lt?</span> <span class='ocrx_word' id='word_1_200' title='bbox 141 3168 195 3235; x_wconf 80' lang='lat' dir='ltr'>sat</span> <span class='ocrx_word' id='word_1_201' title='bbox 227 3170 331 3254; x_wconf 83' lang='lat' dir='ltr'>egisse</span> <span class='ocrx_word' id='word_1_202' title='bbox 363 3168 445 3231; x_wconf 89' lang='lat' dir='ltr'>enim</span> <span class='ocrx_word' id='word_1_203' title='bbox 479 3172 512 3232; x_wconf 78' lang='lat' dir='ltr'>ie</span> <span class='ocrx_word' id='word_1_204' title='bbox 544 3169 665 3232; x_wconf 76' lang='lat' dir='ltr'>frustra</span> <span class='ocrx_word' id='word_1_205' title='bbox 697 3168 819 3232; x_wconf 80' lang='lat' dir='ltr'>scribis.</span> <span class='ocrx_word' id='word_1_206' title='bbox 871 3167 954 3243; x_wconf 84' lang='lat' dir='ltr'>Quid</span> 
     </span>
    </p>

    <p class='ocr_par' dir='ltr' id='par_1_11' title="bbox 56 3254 954 3322">
     <span class='ocr_line' id='line_1_31' title="bbox 56 3254 954 3322; baseline -0.006 0"><span class='ocrx_word' id='word_1_207' title='bbox 56 3285 62 3322; x_wconf 80' lang='grc' dir='ltr'>ι</span> <span class='ocrx_word' id='word_1_208' title='bbox 95 3280 127 3321; x_wconf 87' lang='lat' dir='ltr'>se</span> <span class='ocrx_word' id='word_1_209' title='bbox 154 3257 249 3322; x_wconf 77' lang='lat' dir='ltr'>referi</span> <span class='ocrx_word' id='word_1_210' title='bbox 280 3256 424 3321; x_wconf 79' lang='lat' dir='ltr'>Brutus?</span> <span class='ocrx_word' id='word_1_211' title='bbox 460 3254 563 3320; x_wconf 90' lang='lat' dir='ltr'><strong>Doleo</strong></span> <span class='ocrx_word' id='word_1_212' title='bbox 595 3255 790 3320; x_wconf 83' lang='lat' dir='ltr'><strong>mehercules</strong></span> <span class='ocrx_word' id='word_1_213' title='bbox 821 3258 855 3318; x_wconf 78' lang='lat' dir='ltr'>ie</span> <span class='ocrx_word' id='word_1_214' title='bbox 886 3258 954 3318; x_wconf 77' lang='lat' dir='ltr'>iam</span> 
     </span>
    </p>

    <p class='ocr_par' dir='ltr' id='par_1_12' title="bbox 56 3342 955 3430">
     <span class='ocr_line' id='line_1_32' title="bbox 56 3342 955 3430; baseline -0.004 -20"><span class='ocrx_word' id='word_1_215' title='bbox 56 3347 226 3430; x_wconf 77' lang='lat' dir='ltr'>listenium,</span> <span class='ocrx_word' id='word_1_216' title='bbox 248 3344 335 3428; x_wconf 86' lang='lat' dir='ltr'>quod</span> <span class='ocrx_word' id='word_1_217' title='bbox 357 3345 464 3407; x_wconf 81' lang='lat' dir='ltr'><strong>decem</strong></span> <span class='ocrx_word' id='word_1_218' title='bbox 482 3343 667 3407; x_wconf 86' lang='lat' dir='ltr'>hominibus</span> <span class='ocrx_word' id='word_1_219' title='bbox 687 3342 885 3406; x_wconf 86' lang='lat' dir='ltr'><strong>referendum</strong></span> <span class='ocrx_word' id='word_1_220' title='bbox 905 3346 955 3406; x_wconf 79' lang='lat' dir='ltr'>est</span> 
     </span>
    </p>

    <p class='ocr_par' dir='ltr' id='par_1_13' title="bbox 56 3429 956 3584">
     <span class='ocr_line' id='line_1_33' title="bbox 56 3429 956 3516; baseline -0.006 -16"><span class='ocrx_word' id='word_1_221' title='bbox 56 3440 126 3500; x_wconf 79' lang='lat' dir='ltr'><strong>lum.</strong></span> <span class='ocrx_word' id='word_1_222' title='bbox 174 3433 235 3498; x_wconf 80' lang='lat' dir='ltr'>llsi</span> <span class='ocrx_word' id='word_1_223' title='bbox 267 3432 348 3496; x_wconf 88' lang='lat' dir='ltr'><strong>illud</strong></span> <span class='ocrx_word' id='word_1_224' title='bbox 379 3431 508 3515; x_wconf 89' lang='lat' dir='ltr'>quidem</span> <span class='ocrx_word' id='word_1_225' title='bbox 536 3431 692 3516; x_wconf 75' lang='grc' dir='ltr'>ἐργῶδες,</span> <span class='ocrx_word' id='word_1_226' title='bbox 729 3430 784 3494; x_wconf 84' lang='lat' dir='ltr'>sed</span> <span class='ocrx_word' id='word_1_227' title='bbox 816 3429 956 3495; x_wconf 76' lang='grc' dir='ltr'><strong><em>ἀνεκτὸν</em></strong></span> 
     </span>
     <span class='ocr_line' id='line_1_34' title="bbox 742 3531 794 3584; baseline 0 0"><span class='ocrx_word' id='word_1_228' title='bbox 742 3531 794 3584; x_wconf 74' lang='lat'>31*</span> 
     </span>
    </p>
   </div>
   <div class='ocr_carea' id='block_1_10' title="bbox 0 0 1232 3876">
    <p class='ocr_par' dir='ltr' id='par_1_14' title="bbox 0 0 1232 3876">
     <span class='ocr_line' id='line_1_35' title="bbox 0 0 1232 3876; baseline 0 1"><span class='ocrx_word' id='word_1_229' title='bbox 0 0 1232 3876; x_wconf 95' lang='lat' dir='ltr'> </span> 
     </span>
    </p>
   </div>
  </div>
 </body>
</html>
