2568 3888
180 164 222 228 86
501 164 538 219 n.
558 165 665 219 10111
684 163 873 221 orcnaorus
983 231 984 236 .

178 306 302 392 aliquid
324 330 343 372 a
367 307 507 372 comitiis
531 307 734 395 audierimus,
756 329 817 374 nos
839 309 875 373 in
895 306 1010 373 Asiam
1032 313 1203 374 converte·

177 417 262 480 mus,
289 416 394 480 neque
416 395 519 462 adhuc
542 397 664 483 stabat,
692 417 755 481 quo
779 396 999 485 potissimum,
1027 398 1084 462 sed
1106 397 1200 462 scies.
1264 397 1265 462 i

176 481 263 548 Data
285 501 336 547 xil
360 484 497 550 Sextiles
520 484 773 550 Thessalonicae.
1264 483 1265 520 1

649 659 719 725 XV.

312 781 369 838 Ser.
391 781 597 837 Tlressaloaicoe
614 781 695 836 XIV
709 781 747 836 K.
767 781 838 852 Sept.
858 799 883 836 a.
904 786 960 837 696
979 784 1050 851 (58).
1228 783 1246 830 5

496 902 625 960 CICERO
643 903 776 960 ATTICO
797 903 870 960 sla.

142 1028 157 1078 1
243 1012 361 1097 Accepi
390 1011 502 1078 Idibus
530 1011 707 1079 Sextilibus
740 1017 894 1097 quattuor
926 1013 1082 1098 epistulas
1115 1017 1199 1076 ate

176 1101 301 1186 missas,
319 1123 426 1188 unam,
445 1122 508 1185 qua
526 1122 578 1166 1110
595 1101 746 1186 obiurgas
762 1105 794 1166 ot
806 1122 914 1188 rogas,
931 1105 969 1166 ut
984 1100 1047 1165 sim
1060 1100 1200 1184 firmior,

177 1189 326 1276 alteram,
354 1211 418 1274 qua
441 1186 549 1254 Crassi
575 1188 732 1254 libertum
759 1189 806 1254 ais
834 1189 897 1254 tibi
921 1189 1053 1255 demea
1077 1189 1199 1254 sollici·

177 1277 290 1341 tudine
306 1278 469 1363 macieque
487 1298 642 1361 narrasse,
660 1277 800 1363 tertiam,
819 1299 881 1360 qua
900 1277 1101 1343 demonstras
1121 1281 1199 1342 acta
1215 1304 1246 1342 10
1264 1305 1265 1308 ¹

177 1366 212 1429 in
231 1369 354 1452 senatu,
377 1369 525 1450 quartam
543 1366 581 1430 de
602 1387 648 1448 eo,
672 1365 759 1449 quod
781 1389 799 1430 a
821 1364 968 1430 Varrone
991 1365 1107 1431 scribis
1130 1365 1198 1430 tibi

142 1471 248 1519 cesse
275 1455 500 1519 confirmatum
527 1453 566 1518 de
592 1453 760 1518 voluntate
786 1452 928 1539 Pompei.
973 1452 1028 1519 Ad
1054 1454 1200 1538 primam

177 1542 240 1607 tibi
262 1542 324 1607 hoc
348 1543 468 1628 scribo,
490 1563 542 1606 me
564 1541 612 1606 ita
634 1541 750 1626 dolere,
775 1545 902 1607 utnon
922 1542 1019 1607 modo
1043 1565 1062 1607 a
1085 1546 1199 1608 mente
1264 1603 1265 1616 ,

176 1651 245 1695 11011
262 1631 398 1715 deserar,
417 1631 473 1695 sed
491 1630 524 1694 id
541 1629 649 1714 ipsum
664 1629 797 1716 doleam,
814 1652 875 1715 mc,
893 1634 962 1694 tam
976 1631 1070 1694 firma
1085 1634 1198 1696 mente

177 1719 234 1783 ubi
257 1722 331 1784 utar
354 1723 387 1784 et
410 1718 615 1804 quibuscum,
641 1739 709 1782 non
729 1717 856 1782 habere.
901 1716 1001 1803 Nam,
1029 1719 1119 1783 situ
1142 1741 1198 1784 me
1214 1745 1243 1785 15

177 1829 242 1871 uno
270 1828 337 1872 non
364 1808 433 1872 sine
458 1827 603 1871 maerore
625 1827 728 1891 cares,
756 1806 833 1890 quid
855 1827 907 1870 me
919 1827 1053 1891 penses,
1081 1806 1198 1891 quiet

178 1899 211 1959 to
234 1899 267 1959 et
291 1895 462 1960 omnibus?
508 1898 554 1980 ct,
579 1895 608 1958 si
630 1898 668 1957 tu
690 1893 860 1959 incolumis
882 1915 934 1958 me
956 1894 1105 1980 requiris,
1128 1916 1196 1979 quo
1264 1941 1265 1974 2

177 1981 272 2047 modo
306 2005 324 2047 a
354 2004 405 2046 me
436 1983 541 2066 ipsam
577 1981 833 2046 incolumitatem
870 1981 1043 2047 desiderari
1074 1983 1196 2067 putas?
1264 1989 1265 2062 1

176 2069 263 2134 Nolo
292 2091 554 2156 commemorare,
582 2070 699 2154 quibus
721 2070 818 2135 rebus
842 2069 905 2134 sim
928 2071 1101 2158 spoliatus,
1126 2091 1198 2136 11011
1264 2079 1265 2148 1

178 2157 283 2222 solum
307 2158 382 2242 quia
404 2178 472 2223 non
493 2158 638 2244 ignoras,
662 2159 718 2222 scd
740 2158 839 2223 etiam
860 2179 902 2223 110
922 2158 1101 2224 rescindam
1123 2159 1197 2244 ipsc
1213 2187 1240 2226 ao
1264 2155 1265 2242 ᾗ

177 2244 320 2311 dolorem
341 2267 462 2333 meum3
483 2246 546 2311 hoc
568 2247 731 2332 confirmo,
753 2268 857 2330 neque
879 2246 980 2310 tantis
1004 2247 1099 2312 bonis
1123 2269 1197 2314 esse
1264 2245 1265 2334 1

177 2333 340 2416 privatum
359 2356 553 2419 quemquam
569 2355 674 2419 neque
692 2335 728 2398 in
744 2338 853 2399 tantas
869 2334 1015 2399 miserias
1033 2335 1196 2402 incidisse.

177 2419 255 2485 Dies
283 2425 391 2486 autem
418 2444 485 2487 non
515 2423 610 2488 modo
642 2444 709 2487 non
735 2423 821 2487 levat
849 2422 973 2487 luctum
1005 2421 1105 2507 hunc,
1138 2425 1198 2490 scd
1264 2415 1265 2506 1

178 2509 275 2572 etiam
294 2513 398 2595 auget.
435 2509 521 2576 Nam
540 2511 637 2576 ceteri
656 2511 782 2576 dolores
804 2511 998 2596 mitigantur
1021 2515 1196 2599 vetustate,
1264 2511 1265 2596 1

176 2596 230 2660 hio
260 2618 328 2662 non
358 2602 467 2681 potest
495 2618 564 2664 non
593 2603 625 2665 et
655 2620 752 2664 sensu
778 2599 957 2682 praesentis
983 2597 1134 2664 miseriae
1163 2606 1197 2666 et
1211 2627 1238 2666 aa

177 2685 399 2750 recordatione
417 2687 610 2769 praeteritae
630 2687 717 2752 vitae
739 2687 858 2752 cotidie
879 2687 999 2773 augeri.
1035 2685 1196 2753 Desidero
1264 2745 1265 2750 ,

179 2773 264 2836 0111111
281 2794 349 2837 non
365 2796 437 2838 mea
456 2774 562 2839 solum
579 2797 683 2858 neque
700 2797 798 2859 meos,
817 2775 873 2840 sed
891 2797 943 2840 mc
960 2777 1077 2859 ipsum.
1109 2775 1197 2852 Quid
1264 2757 1265 2842 1

178 2861 263 2924 enim
295 2863 387 2926 sum?
435 2862 497 2928 Sed
523 2884 590 2927 non
615 2864 745 2947 faciam,
776 2867 813 2927 ut
844 2868 901 2928 aut
927 2868 1021 2927 tuum
1049 2865 1196 2929 animum
1264 2843 1265 2934 l

177 2969 293 3032 angam
325 2949 464 3034 querelis
496 2954 553 3014 aut
583 2951 663 3016 meis
699 2951 887 3017 vulneribus
920 2952 1048 3036 saepius
1078 2975 1194 3017 manus

177 3037 326 3102 adferam.
378 3035 477 3123 Nam,
514 3038 601 3122 quod
632 3061 752 3125 purgas
790 3061 858 3125 eos,
895 3061 977 3124 quos
1014 3061 1074 3125 ego
1111 3041 1194 3106 mihi
1209 3068 1237 3108 ao

177 3123 292 3208 scripsi
315 3124 483 3209 invidisse,
507 3126 597 3190 etin
620 3127 665 3192 eis
690 3125 858 3213 Catonem,
882 3149 942 3214 ego
964 3149 1040 3192 vero
1064 3133 1194 3194 tantum

176 3212 270 3277 illum
292 3218 373 3297 puto
397 3214 437 3279 ab
461 3215 526 3278 isto
550 3215 668 3280 scelere
691 3216 823 3301 afuisse,
845 3219 884 3280 ut
906 3216 1045 3281 maxime
1067 3217 1194 3282 doleam

175 3300 249 3384 plus
269 3302 355 3385 apud
372 3323 424 3366 me
443 3303 682 3367 simulationem
700 3303 838 3369 aliorum
859 3326 956 3388 quam
978 3304 1074 3370 istius
1097 3305 1194 3370 fidem

176 3389 325 3455 valuisse.
372 3388 504 3456 Ceteros
533 3391 620 3475 quod
646 3412 780 3477 purgas,
811 3393 927 3458 debent
953 3393 1036 3458 milri
1061 3393 1194 3478 probati

140 3491 255 3564 cesse,
277 3478 340 3543 tibi
365 3478 393 3543 si
416 3483 501 3544 sunt.
548 3479 611 3545 Sed
632 3478 711 3544 haec
734 3501 805 3544 sero
829 3481 964 3565 agimus.
1206 3509 1234 3548 aa
