2586 3886
262 146 520 200 EPISTULARUM
540 147 590 200 AD
609 146 773 201 ATTICUM
791 147 817 202 V
837 153 878 216 17,
899 153 940 200 18.
1051 149 1115 212 147

93 296 125 354 ιι
157 290 196 354 in
218 289 358 373 Epirum
386 290 510 354 iturum
537 291 664 354 circiter
687 290 758 354 Kal.
783 288 894 355 Sextil.
942 289 1020 374 Sed,
1051 291 1118 357 sive

93 379 223 443 Rornae
247 400 281 442 es
305 378 372 442 sive
394 379 430 441 in
443 377 554 462 Epiro,
577 377 690 442 Parthi
706 378 899 462 Euphraten
919 380 1118 444 transierunt

95 467 177 530 duce
205 464 342 549 Pacoro,
375 464 506 550 Orodis,
533 467 619 550 regis
648 464 857 550 Parthorum,
885 467 967 552 filio,
995 471 1089 531 cunct
1090 469 1118 532 is

96 555 165 618 fere
185 554 296 636 copiis.
325 553 472 620 ‚Bibulus
491 517 635 618 dondum
655 555 805 618 audiebat
791 559 847 618 tur
865 577 934 618 esse
957 519 992 618 in
1010 553 1117 640 Syria3

70 639 265 708 5Cassius
257 664 292 705 m
315 641 521 725 oppidot
452 640 521 705 Ant
522 641 660 706 iochiast
647 646 756 707 tcum
778 643 865 706 omni
884 643 1035 728 exercitu,
1056 665 1117 708 nos

97 731 134 793 in
161 729 363 830 Cappadocia
387 729 428 794 ad
451 729 592 794 Taurum
616 751 689 794 cum
714 731 866 816 exercitu,
889 731 929 794 ad
952 695 1067 814 Cybist
1068 754 1117 816 ra3

97 817 239 881 hostis
228 840 263 880 m
287 815 508 903 Cyrrhestica,
538 840 620 901 quae
643 816 754 902 Syriae
784 841 859 902 pars
890 819 1051 970 proxima,
1068 824 1117 882 est

98 905 285 989 provinciae
312 927 409 970 meae.
460 904 523 968 His
553 906 591 970 de
618 907 714 970 rebus
745 907 860 990 scripsi
888 906 929 970 ad
960 910 1051 971 senat
1053 930 1118 992 um,

100 1015 182 1077 quas
215 993 269 1057 litt
240 997 358 1078 tt,eras
392 994 421 1057 si
447 992 571 1057 Romae
598 1015 646 1078 ee,
677 994 800 1058 videbis
823 998 959 1077 putesne
988 995 1117 1059 redden-

60 1109 85 1147 ιο
100 1083 173 1167 das,
203 1085 236 1145 ιι
262 1045 378 1167 multi,
408 1082 508 1146 immo
538 1083 657 1166 omnia,
689 1104 826 1172 quorum
849 1084 1045 1167 repetituros,
1075 1104 1117 1147 ne

99 1134 182 1253 quid
203 1169 289 1233 inter
307 1133 397 1234 caesia
417 1174 448 1233 et
471 1174 628 1254 porrecta,
650 1173 687 1233 ut
707 1167 806 1255 aiunt,
830 1171 936 1234 oneris
959 1171 1042 1234 mihi
1064 1171 1117 1234 ad-

99 1259 198 1322 datur
216 1262 273 1320 aut
291 1257 456 1340 temporis.
488 1257 594 1322 Nobis
613 1257 699 1321 enirn
717 1259 776 1322 hae
794 1223 964 1322 infirmitat
950 1263 982 1323 te
1001 1260 1117 1324 exerci-

99 1345 195 1429 tus,
185 1346 296 1428 mopia
317 1347 487 1431 sociorum,
513 1346 703 1428 praesertim
724 1346 878 1432 fidelium,
900 1348 1117 1411 certissimum

100 1433 284 1499 subsidium
308 1438 356 1497 est
379 1433 491 1497 hiems.
536 1432 587 1496 Ea
610 1433 638 1497 si
661 1435 798 1519 venerit,
825 1454 883 1497 nec
912 1433 962 1497 illi
985 1439 1059 1498 ante
1081 1436 1117 1499 in

60 1548 84 1587 15
101 1544 208 1586 meam
226 1521 426 1604 provinciam
446 1521 644 1607 transierint,
666 1543 767 1584 unum
785 1543 905 1606 vereor,
926 1543 967 1585 ne
986 1526 1115 1586 senatus

100 1612 237 1692 propter
273 1609 469 1672 urbanarum
505 1631 612 1672 rerum
650 1613 716 1673 met
717 1631 772 1672 um
807 1607 997 1692 Pompeium
1032 1610 1116 1673 nolit
1184 1620 1187 1624 ’

100 1697 211 1760 dimitt
182 1701 273 1760 ttere.
320 1695 441 1772 Quodsi
471 1696 571 1760 alium
599 1697 640 1760 ad
666 1718 722 1761 ver
748 1697 837 1761 ιιιιιιι
857 1718 966 1782 ,non
993 1695 1116 1782 laboro,

98 1784 197 1849 nobis
216 1784 312 1848 modo
331 1786 486 1869 temporis
505 1807 545 1848 ne
564 1785 643 1868 quid
659 1789 813 1869 proroget
815 1749 866 1848 uri
898 1783 1013 1848 Haec
1003 1785 1066 1869 rgit
1067 1807 1115 1870 ur,
1134 1801 1149 1848 ι

100 1873 130 1937 si
153 1895 188 1936 es
211 1871 349 1950 Romae3
373 1873 425 1936 sin
447 1873 532 1956 abes,
556 1877 612 1937 aut
635 1873 732 1938 etiam
756 1875 784 1936 si
807 1873 897 1958 ades,
919 1871 997 1936 haee
1018 1892 1116 1956 nego-

61 1989 85 2026 ιι
98 1961 147 2024 ιιι
172 1960 219 2024 sic
242 1983 276 2024 se
293 1960 423 2025 habent.
456 1958 586 2024 Stamus
610 1961 724 2024 animis
745 1966 786 2047 ιι,
809 1961 884 2045 quia
903 1961 1055 2043 consiliis,
1078 1965 1116 2024 ut

100 2049 262 2132 videmur,
289 2047 384 2112 bonis
407 2048 543 2132 utimur,
570 2071 734 2132 speramus
758 2049 855 2113 etiam
878 2070 983 2113 manu.
1029 2049 1115 2113 Tuto

101 2137 306 2200 consedimus
326 2136 456 2220 copioso
476 2160 494 2200 a
512 2138 684 2221 frumento,
708 2134 853 2200 Ciliciam
871 2159 972 2221 prope
991 2137 1115 2219 conspi-

101 2225 216 2309 ciente,
239 2223 389 2307 expedito
405 2224 446 2287 ad
462 2225 653 2296 mutandum
670 2225 741 2288 loco
760 2247 859 2308 parvo
879 2225 1030 2310 exercitu,
1053 2225 1117 2310 sed,

101 2316 139 2376 ut
177 2333 285 2395 spero,
322 2312 362 2375 ad
398 2312 654 2377 benevolentiam
685 2334 762 2398 erga
795 2334 855 2377 nos
888 2313 1115 2377 consentiente.

63 2427 87 2466 aa
104 2399 207 2476 Quem
229 2420 290 2463 nos
313 2398 410 2463 Deiot
396 2401 460 2464 tari
483 2401 622 2464 adventu
650 2422 722 2464 cum
746 2401 813 2464 suis
837 2401 987 2465 omnibus
1007 2400 1115 2551 copiis

100 2488 298 2572 duplicaturi
320 2510 455 2552 eramus.
502 2486 605 2553 Sociis
628 2488 730 2552 multo
759 2489 1005 2553 fidelioribusu
1007 2489 1116 2574 timur,

101 2598 199 2659 quam
228 2575 399 2660 quisquam
428 2598 506 2640 usus
530 2581 593 2662 est,
628 2576 745 2659 quibus
768 2576 965 2642 incredibilis
988 2577 1076 2640 videt
1062 2581 1116 2639 tur

99 2669 214 2728 nostra
238 2667 270 2727 et
297 2664 569 2729 mansuetudot
537 2669 569 2729 et
597 2664 679 2728 abst
655 2669 760 2728 tment
761 2665 800 2729 ιι
846 2663 953 2728 Dilect
939 2668 992 2729 tus
1020 2665 1116 2728 habe-

100 2756 155 2816 tur
179 2752 298 2816 civium
321 2750 556 2837 Romanorum,
585 2753 728 2817 frument
714 2756 785 2816 tum
812 2776 851 2816 ex
879 2754 965 2837 agris
989 2753 1024 2816 in
1046 2752 1117 2816 loca

63 2868 87 2905 so
101 2844 174 2905 tuta
197 2844 428 2923 comportatur.
475 2838 510 2904 si
533 2841 631 2905 fuerit
655 2841 793 2926 occasio,
815 2862 926 2924 manu,
950 2841 978 2903 si
1000 2841 1117 2925 minus,

100 2928 181 2992 locis
211 2949 272 2992 nos
302 2929 513 2993 defendemus.
560 2928 663 3004 Quare
690 2928 776 2993 bono
805 2930 912 2992 animo
941 2950 983 2992 es.
1013 2928 1151 2993 Vide03

101 3016 187 3080 enim
210 3020 243 3080 te
266 3020 312 3102 ιι,
341 3018 432 3099 quasi
457 3038 563 3080 coram
593 3016 692 3102 adsiS,
718 3017 765 3080 ita
788 3038 882 3081 cerno
906 3017 1117 3100 συμπάθειαν

101 3104 222 3168 amoris
245 3105 303 3168 tui.
350 3104 413 3169 Sed
434 3108 467 3168 te
490 3125 586 3189 rogo,
614 3105 641 3167 si
668 3105 736 3168 ullo
764 3108 859 3189 paeto
887 3105 957 3168 fieri
986 3105 1117 3190 poterit,

102 3193 131 3257 si
157 3193 207 3255 int
209 3213 285 3277 egra
314 3193 349 3256 in
377 3198 490 3258 senatu
521 3196 635 3256 nostra
662 3214 757 3256 causa
790 3194 829 3256 ad
856 3192 927 3256 Kal.
951 3191 1116 3256 Ianuarias

64 3307 88 3346 aa
104 3281 272 3367 manserit,
290 3285 327 3344 ut
313 3279 507 3345 tRomae
482 3303 526 3344 ιιι
544 3303 652 3344 mense
670 3278 829 3345 Ianuaria.
865 3278 1014 3344 Profecto
1033 3280 1117 3343 nihil

102 3369 259 3453 accipiam
281 3369 427 3454 iniuriae,
450 3369 477 3432 si
496 3373 532 3432 tu
496 3369 664 3433 tederis.
702 3369 833 3433 Amicos
852 3368 999 3432 consules
1022 3366 1116 3430 habe-

101 3480 189 3542 mus,
224 3461 424 3522 nostrumt
410 3457 577 3520 tribunum
612 3458 655 3539 pl
687 3455 852 3520 Furnium.
902 3455 1073 3519 Verumt
1075 3477 1116 3516 ua

902 3557 954 3609 10*
