2560 3880
242 190 499 246 EPISTULARUM
512 191 562 244 AD
581 191 744 245 ATTICUM
761 191 826 245 XVI
844 197 938 246 8-11.
1034 191 1098 255 507

83 337 142 398 est.
185 333 265 397 ¹Tria
294 337 370 397 sunt
401 337 523 418 autem,
550 356 737 398 maneamne
760 334 877 418 Arpini
900 356 942 398 an
964 335 1099 417 propius

83 421 231 496 accedam
254 443 295 484 an
318 421 446 485 veniam
468 415 614 485 Romam.
662 420 755 497 Quod
777 423 952 507 censueris,
975 423 1098 486 faciam.

83 509 147 575 Sed
189 531 286 593 quam
322 509 471 592 primum.
527 509 630 574 Avida
667 513 817 593 exspecto
854 514 927 574 tuas
964 510 1098 574 litteras.

82 615 122 662 v1
144 597 221 661 ldus
244 618 337 661 mane
361 597 396 660 in
419 595 623 661 Sinuessano.

561 769 616 836 XI.

267 893 324 948 Sor.
339 894 371 946 ia
389 892 543 946 Puteolano
562 893 636 947 Noa.
649 893 719 947 Nou.
736 911 762 946 a.
779 896 832 948 710
853 897 920 962 (44).

389 1014 535 1070 CICERO
552 1014 699 1070 ATTICO
716 1015 799 1070 SAL.

152 1122 256 1191 Nonis
281 1124 387 1206 accepi
411 1145 429 1186 a
452 1127 485 1187 te
509 1122 587 1186 duas
612 1123 776 1208 epistulas,
806 1145 941 1206 quarum
965 1124 1099 1187 alteram
1119 1139 1132 1186 1

82 1211 157 1276 Kal.
177 1211 318 1296 dederas,
341 1213 476 1274 alteram
498 1211 609 1293 pridie.
655 1210 762 1295 Igitur
784 1212 873 1294 prius
896 1213 936 1276 ad
959 1213 1099 1294 superio·

39 1327 69 1366 ro
83 1321 161 1363 rem.
207 1297 365 1363 Nostrum
390 1321 471 1382 opus
494 1299 558 1362 tibi
578 1298 711 1382 probari
729 1299 845 1384 lactor3
869 1321 990 1384 exque
1011 1302 1099 1382 ἄνθη

83 1389 157 1470 ipsa
179 1387 326 1471 posuisti.
365 1385 452 1462 Quae
474 1386 556 1450 mihi
578 1385 768 1450 florentiore
791 1390 867 1450 sunt
890 1388 959 1450 visa
977 1392 1034 1451 tuo
1054 1388 1100 1450 iu-

84 1475 183 1560 dicio3
206 1475 329 1538 carulas
348 1475 434 1538 enim
451 1477 524 1538 tuas
542 1474 729 1538 miniatulas
749 1474 821 1538 illas
842 1475 1098 1539 extimescebam.

84 1563 134 1627 De
158 1561 248 1626 Sicca
275 1563 322 1626 ita
348 1565 413 1648 est,
440 1566 476 1625 ut
504 1562 633 1647 acribia,
656 1565 727 1626 asta
749 1584 787 1627 ea
809 1585 904 1648 aegre
925 1585 977 1627 me
999 1564 1099 1626 tenui.

84 1650 200 1734 Itaque
231 1651 448 1734 perstringam
478 1649 546 1713 sine
578 1651 646 1714 ulla
678 1651 872 1714 contumelia
902 1649 1011 1714 Siccae
1043 1655 1099 1714 aut

41 1765 69 1806 15
85 1737 274 1822 Septimiae,
310 1742 438 1802 tautum
473 1741 511 1801 ut
548 1739 651 1802 sciant
689 1739 815 1814 ‘uuidar
852 1739 993 1803 rruc‘dov’
1030 1739 1099 1802 sine

85 1833 202 1914 φαλλῷ
221 1825 387 1890 Luciliano
411 1848 485 1889 eum
508 1847 547 1889 ex
567 1823 600 1889 Ο.
615 1825 694 1888 Fadi
712 1826 781 1890 filia
799 1827 918 1889 liberos
937 1826 1098 1890 habuisse.

84 1915 195 1998 Atque
223 1915 349 1978 utinam
372 1936 445 1978 eum
468 1914 552 1977 diem
575 1914 714 1998 videam,
742 1936 814 1978 cum
838 1915 902 1977 ista
925 1914 1029 1978 oratio
1052 1915 1099 1978 ita

84 2003 186 2067 libere
217 2005 369 2087 vagetur,
398 2008 434 2066 ut
466 2001 564 2064 etiam
591 2002 625 2064 in
654 2000 760 2065 Siccae
788 2002 919 2066 domum
946 2002 1099 2066 introeat!

86 2089 150 2154 Sed
184 2090 240 2154 illo
273 2095 416 2172 tempore
447 2111 527 2172 opus
558 2093 620 2173 est,
653 2090 740 2172 quod
767 2089 829 2153 fuit
856 2091 922 2153 illis
949 2107 989 2154 111
1012 2090 1099 2154 viris.

41 2207 70 2246 ao
85 2178 223 2263 Moriar,
249 2177 314 2240 nisi
336 2178 451 2241 facete!
487 2176 537 2240 Tu
564 2199 640 2240 vero
662 2177 751 2263 leges
775 2176 874 2241 Sexto
898 2178 1030 2261 eiusque
1053 2177 1099 2241 iu·

85 2267 205 2330 dicium
241 2265 322 2329 mihi
353 2265 539 2348 perscribes.
591 2256 663 2340 Ἓῖς
698 2263 771 2348 ἐμοὶ
802 2266 938 2350 μύριοι.’
989 2263 1100 2329 Caleni

85 2355 306 2419 interventum
329 2357 361 2416 et
385 2352 541 2417 Oalvenae
563 2352 697 2417 cavebis.

155 2440 247 2516 Quod
264 2433 401 2524 vereris,
428 2462 468 2504 ne
492 2440 670 2524 ἀδόλεσχος
692 2440 774 2504 mihi
796 2444 842 2525 tu,
873 2441 946 2524 quis
969 2441 1098 2504 minus?
1118 2458 1133 2504 2

86 2527 161 2616 Oui,
193 2533 230 2592 ut
257 2528 470 2612 Aristophani
496 2526 682 2593 Archilochi
709 2529 849 2612 iambus,
885 2528 931 2592 sic
960 2529 1099 2611 epistula

40 2645 70 2686 25
86 2623 143 2682 tuo
164 2617 353 2701 longissima
377 2637 521 2699 quaeque
545 2617 667 2700 optima
689 2617 824 2680 videtur.
862 2615 953 2691 Quod
975 2639 1026 2680 me
1047 2618 1099 2680 ad-

85 2726 213 2789 mones,
239 2709 276 2768 tu
303 2709 378 2768 vero
403 2704 529 2768 etiamsi
551 2704 771 2790 reprenderes,
797 2725 864 2768 non
886 2705 984 2768 modo
1007 2705 1100 2768 facile

86 2797 222 2877 paterer,
245 2793 301 2856 sed
323 2793 420 2856 etiam
442 2792 588 2878 laetarer,
611 2793 729 2875 quippe
748 2814 821 2873 cum
840 2792 875 2854 in
893 2793 1100 2875 reprensione

87 2882 131 2945 sit
153 2880 325 2964 prudentia
347 2901 419 2944 cum
443 2880 603 2964 εὐμενείᾳ.
639 2879 690 2944 Ita
712 2879 852 2943 libenter
878 2901 914 2944 ea
933 2881 1101 2964 corrigam,

87 2991 169 3053 quae
188 2991 207 3032 a
225 2972 258 3032 te
276 2968 496 3032 animadversa
515 2972 600 3050 sunt,
611 2967 733 3031 ‘eodem
752 2968 822 3030 iure
841 2990 905 3050 quo
920 2967 1099 3032 Rubriana'

41 3086 71 3125 ao
86 3057 197 3141 potius
222 3077 318 3138 quam
337 3055 413 3139 ‘quo
433 3054 614 3139 Scipionis’,
638 3059 670 3119 et
690 3055 727 3118 de
745 3055 897 3134 laudibus
913 3055 1099 3119 Dolabellae

87 3145 219 3209 deruam
247 3144 416 3208 cumulum.
462 3141 511 3206 Ao
538 3148 646 3207 tamen
675 3147 725 3206 est
751 3143 816 3207 isto
838 3144 911 3207 loco
934 3143 1033 3226 bella,
1062 3146 1100 3205 ut

86 3233 168 3296 mihi
191 3231 331 3316 videtur,
358 3235 520 3317 εἰρωνεία,
545 3231 630 3314 quod
653 3253 727 3294 eum
749 3236 799 3294 ter
822 3235 934 3294 contra
958 3231 1042 3294 cives
1066 3230 1099 3293 in

87 3321 161 3384 acie.
207 3318 292 3383 Illud
320 3321 418 3384 etiam
445 3319 544 3382 malo:
575 3319 848 3404 ‘indignissimum
876 3322 924 3381 est
947 3317 1033 3380 hunc
1055 3318 1100 3381 vi-

86 3409 172 3472 vere'
196 3430 293 3491 quam
330 3408 407 3490 qurd
429 3407 631 3490 rndrgnrus?'
660 3409 924 3490 Hsrrrtoypurpr‘uv
942 3404 1099 3468 Varronis
1120 3423 1135 3468 3

43 3523 73 3564 aa
88 3497 150 3560 tibi
171 3496 302 3580 probari
325 3517 392 3560 non
413 3495 547 3558 moleste
569 3495 651 3581 fero,
681 3517 700 3558 a
723 3515 787 3579 quo
811 3493 913 3556 adhuc
932 3492 1102 3577 Ἡρακλεί-
