2564 3880
228 152 490 208 EPISTULARUM
509 153 559 206 AI)
579 154 744 208 ATTICUM
762 154 826 206 XIII
845 160 888 222 27,
908 160 950 208 28.
1044 156 1110 219 415

524 347 675 437 imvm.

247 452 304 508 Ser.
319 453 351 506 ia
372 452 530 506 Tusculano
553 452 617 506 VII
632 453 669 506 K.
683 453 749 506 Iua.
766 470 791 505 a.
808 456 863 508 709
883 456 952 522 (45).

396 557 543 612 CICERO
560 556 707 612 ATTICO
726 557 809 612 SAL.

156 648 281 712 Hortos
301 648 452 731 quoniam
471 646 568 712 hodie
586 669 657 712 eras
675 649 888 733 inspecturus,
908 648 984 731 quid
1004 649 1109 712 visum
1130 667 1144 714 1

61 738 153 804 stibi
177 738 229 820 sit,
252 758 322 801 cras
346 736 477 800 scilicet.
513 734 562 799 De
585 735 722 800 Faberio
745 741 862 818 autem,
885 758 959 800 cum
977 738 1109 801 venerit.

88 825 140 889 De
163 824 304 909 epistula
327 826 367 888 ad
390 823 573 908 Caesarem,
597 825 704 889 iurato
726 824 808 888 mihi
831 825 931 909 crede,
948 846 1016 889 uon
1039 843 1145 909 pos-a

90 937 177 997 sum3
198 934 258 977 uec
281 935 332 976 me
354 912 523 995 turpItudo
548 911 696 995 deterret,
720 912 781 976 etsi
805 913 945 976 maxime
964 914 1109 978 debebat.

89 1001 195 1077 Quam
223 1001 443 1084 enimturpis
473 1004 523 1064 est
551 1000 745 1083 adsentatiO,
773 1023 846 1064 cum
872 1003 980 1065 virere
1003 1003 1111 1085 ipsum

89 1095 188 1173 turpe
211 1090 254 1153 sit
276 1089 384 1153 nobisl
422 1088 494 1173 sed,
516 1092 553 1152 ut
577 1089 677 1174 coepI,
698 1109 766 1153 non
787 1111 839 1152 me
861 1089 924 1153 hoc
946 1093 1040 1174 turpe
1060 1090 1111 1154 de·

48 1181 201 1244 interret.
238 1176 287 1242 Ac
308 1178 425 1241 vellem
449 1176 577 1259 quidem
597 1175 714 1260 (essem
736 1177 831 1260 enim,
855 1177 911 1261 qui
930 1200 999 1242 esse
1018 1178 1110 1243 debe-

90 1264 192 1350 bam),
216 1266 328 1329 sedin
351 1269 492 1328 mentem
515 1264 598 1328 nihil
622 1265 718 1328 veuit.
756 1262 851 1350 Nam,
874 1271 1052 1348 quaesunt
1072 1267 1111 1330 ad

89 1354 311 1418 Alexandrum
338 1353 507 1417 hominum
535 1353 755 1436 eloquentium
783 1357 816 1416 et
843 1353 1010 1417 doctorum
1041 1377 1111 1419 sua·

91 1443 209 1526 mones,
227 1442 326 1524 videa,
345 1442 464 1525 quibus
482 1441 519 1504 in
536 1441 633 1504 rebus
652 1445 828 1505 versentur.
862 1441 1111 1506 Adulescentem

48 1605 51 1612 Α
90 1531 259 1594 incensum
286 1530 462 1612 cupidilate
489 1529 674 1594 verissimae
697 1529 819 1613 gloriae
842 1530 1024 1612 cupientem
1048 1531 1111 1594 sibi

50 1644 76 1686 15
92 1618 216 1703 aliquid
239 1619 365 1682 consilii
389 1618 466 1700 dari,
491 1617 577 1702 quod
600 1618 640 1680 ad
662 1617 790 1682 laudem
813 1618 1041 1700 sempiternam
1059 1641 1111 1682 va-

90 1707 182 1792 leret,
215 1705 427 1770 cohortantur
460 1706 500 1768 ad
527 1705 631 1769 decus.
677 1705 755 1770 Nou
782 1705 871 1768 deest
900 1707 1018 1790 orati03
1051 1727 1111 1790 ego

91 1795 171 1878 quid
203 1794 359 1877 possum?
395 1793 518 1858 Tamen
548 1794 656 1857 nescio
690 1793 767 1876 quid
796 1815 813 1856 e
842 1815 961 1875 quercu
990 1795 1112 1858 exscul-

90 1904 235 1966 pueram,
263 1882 350 1966 quod
377 1883 539 1946 videretur
564 1882 668 1945 simile
693 1881 865 1945 simulacri.
911 1881 951 1946 Iu
974 1903 1011 1945 eo
1036 1882 1112 1965 quia

90 1992 158 2035 non
180 1970 271 2034 nulla
294 1974 385 2034 erant
408 1970 505 2053 paulo
529 1970 664 2033 meliora
688 1991 784 2052 quam
808 1991 854 2054 ea,
877 1991 959 2052 quae
977 1971 1060 2034 fiunt
1080 1975 1112 2034 et

50 2087 76 2124 ao
90 2060 178 2123 facta
202 2061 288 2144 sunt,
310 2058 602 2142 reprehenduntur3
626 2058 713 2140 quod
736 2079 786 2121 me
808 2057 940 2122 minime
959 2058 1069 2141 paemt
1089 2062 1111 2122 t.

92 2145 128 2210 si
158 2145 245 2209 enim
272 2147 493 2229 pervenissent
521 2147 602 2210 istac
632 2146 775 2230 litterae,
807 2146 888 2209 mibi
916 2145 1021 2230 crede,
1053 2169 1112 2211 nos

90 2235 279 2318 paeniteret.
326 2233 432 2310 Quid?
468 2238 505 2298 tu
532 2255 600 2298 non
628 2233 717 2298 vides
740 2234 849 2317 ipsum
871 2234 965 2298 illum
986 2233 1147 2299 Aristo-3

91 2323 150 2386 teli
193 2322 384 2405 discipulum
427 2344 552 2386 summo
589 2322 734 2408 ingenio,
776 2343 901 2386 summa
945 2323 1113 2409 modestia,

92 2414 305 2494 posteaquam
333 2432 389 2474 rex
419 2411 600 2493 appellatus
629 2410 689 2495 sit,
723 2409 912 2495 superbum,
943 2411 1113 2496 crudelem,

51 2525 77 2565 25
93 2499 341 2562 immoderatum
361 2499 485 2562 firisse‘?
523 2497 628 2573 Quid?
665 2503 703 2562 tu
725 2498 811 2561 hunc
836 2499 874 2562 de
896 2520 1016 2582 pompa
1039 2499 1113 2574 Qui-

92 2587 158 2650 rini
180 2586 444 2651 contubernalem
468 2585 520 2649 his
543 2586 665 2650 nostris
688 2586 864 2650 moderatis
883 2586 1030 2669 epistulis
1051 2587 1114 2651 lae-

92 2679 239 2739 taturum
262 2675 379 2758 putas?
411 2673 471 2738 Ille
494 2695 569 2738 vero
593 2675 790 2757 potiusnon
815 2675 937 2758 scripta
956 2675 1113 2740 desideret

94 2785 192 2846 quam
222 2762 343 2845 scripta
364 2784 431 2827 non
453 2762 577 2846 probet.
623 2761 792 2826 Postremo
817 2766 854 2826 ut
877 2763 973 2827 volet.
1019 2762 1113 2826 Abiit

95 2850 190 2934 illud,
226 2851 313 2933 quod
344 2854 416 2914 tum
450 2873 501 2914 me
536 2850 741 2934 stimulabat,
775 2871 873 2932 quom
901 2851 965 2914 tibi
997 2852 1113 2916 dabam

54 2966 80 3005 ao
94 2942 269 3024 πρόβλημα
287 2937 527 3023 Ἀρχιμήδειον.
568 2937 673 3002 Multo
698 2937 878 3027 mehercule
901 2940 1006 3022 magis
1029 2961 1114 3004 nunc

94 3031 320 3178 fgtz'tcasm
352 3028 460 3112 illum,
497 3049 591 3110 quem
625 3031 697 3091 tum
729 3026 898 3111 timebam,
935 3027 986 3091 vel
1018 3050 1115 3110 quem

107 3136 218 3179 1e1.

161 3202 235 3267 Nisi
268 3203 345 3285 quid
374 3206 408 3266 te
441 3202 527 3266 aliud
559 3203 726 3285 impediet,
758 3202 803 3265 mi
837 3205 948 3284 optato
978 3202 1113 3265 veneris,

95 3289 207 3354 Nicias
231 3313 249 3354 a
272 3289 442 3354 Dolabella
465 3311 583 3374 magno
608 3312 704 3373 opere
727 3290 899 3354 arcessitus
925 3287 1003 3374 (legi
1027 3289 1114 3352 enim

56 3405 82 3445 as
95 3376 237 3464 lilteras)
260 3378 320 3442 etsi
343 3379 447 3442 invito
471 3400 522 3442 me
546 3383 655 3442 tamen
678 3379 789 3442 eodem
811 3399 863 3441 me
887 3381 1019 3440 auctore
1038 3399 1114 3461 pro-

95 3468 198 3531 fectus
222 3470 279 3531 est.
