2568 3888
261 117 520 172 EPISTULARUM
538 117 588 171 AD
608 118 772 173 ATTICUM
789 119 828 173 III
849 125 872 186 7,
892 125 916 175 8.
1054 120 1097 184 79

81 282 141 325 nec
166 283 221 343 quo
242 261 336 325 modo
359 261 489 326 visurus
507 283 566 326 nec
584 266 622 326 ut
641 261 832 326 dimissurus
853 263 923 346 sim,
947 263 1021 326 scio.
1059 260 1098 326 Id

82 353 132 412 est
161 349 333 413 maximum
361 353 394 413 et
420 351 637 414 miserrimum
665 372 809 414 mearum
838 351 981 414 omnium
1003 351 1098 415 mise·

81 437 210 502 riarum.
244 437 317 522 Ego
337 441 370 501 et
389 438 517 521 saepius
539 439 579 502 ad
601 442 634 502 te
658 443 691 503 61
714 439 807 522 plura
831 438 1012 523 scriberem,
1033 439 1099 502 nisi

81 525 165 588 mihi
179 525 266 590 dolor
279 547 371 589 meus
385 548 458 589 cum
473 548 584 590 omnes
603 530 711 610 partes
730 527 849 590 mentis
868 530 939 589 111111
957 526 1098 590 maxime

59 613 181 677 abuius
206 615 332 698 generis
361 614 548 679 facultatem
572 614 751 679 ademisset.
797 613 914 678 Videre
937 618 970 678 te
994 614 1098 697 cupio.

82 699 177 787 Oura,
199 707 236 766 ut
257 702 373 766 valeas.
419 701 505 766 Data
528 725 574 786 pr.
599 700 670 766 Kal.
694 701 769 766 Mai.
793 701 954 767 Brundisi.

545 964 634 1030 VIII.

241 1087 298 1142 Sor.
318 1087 525 1142 mseolooicoc
543 1087 592 1141 IV
607 1087 645 1141 K.
660 1087 725 1140 Iao.
745 1103 770 1140 o.
792 1091 848 1142 696
867 1091 936 1156 (58).

403 1208 532 1264 CICERO
551 1208 683 1264 ATTICO
703 1208 777 1264 SAL.

50 1345 70 1382 10
148 1317 321 1384 Brundisio
349 1317 554 1401 proficiscens
583 1319 772 1402 scripseram
800 1318 839 1382 ad
866 1322 913 1403 te,
946 1340 1026 1402 quas
1055 1319 1133 1383 obr

84 1427 193 1470 causas
207 1407 242 1470 in
255 1406 395 1490 Epirum
411 1427 479 1470 non
498 1410 639 1470 essemus
658 1405 805 1492 profecti,
824 1406 911 1489 quod
929 1410 961 1470 61
975 1404 1099 1470 Achaia

83 1493 1098 1647 1111111111111110111111111111115
1203 1509 1204 1512 ‘

85 1690 156 1734 cum
185 1670 346 1754 Dyrrachi
382 1634 539 1755 dasemus,
575 1606 635 1734 utp
650 1671 713 1734 duo
745 1670 854 1734 nuntii
888 1633 1099 1754 adferrentur,

54 1782 74 1821 15
85 1779 165 1822 unus
198 1758 299 1823 classe
330 1759 464 1823 fratrem
496 1759 629 1843 Epheso
656 1758 816 1843 Athenas,
849 1757 931 1821 alter
962 1757 1098 1840 pedibus

85 1867 139 1927 per
165 1846 387 1910 Macedoniam
413 1847 529 1910 venire.
575 1844 690 1931 ltaque
718 1847 767 1910 illi
795 1846 924 1910 obviam
949 1843 1098 1910 misimus

86 1931 236 2020 Athenas,
259 1939 297 1998 ut
315 1935 389 1998 inde
407 1933 668 1999 Thessalonicam
687 1935 819 1998 veniret.
857 1932 925 2017 Ipsi
944 1934 1099 2017 processi-

86 2043 153 2086 mus
186 2027 218 2087 et
245 2022 508 2087 Thessalonicam
535 2046 561 2087 a.
590 2022 617 2086 d.
646 2041 672 2086 x
698 2022 768 2087 Kal.
799 2020 909 2086 Iunias
941 2023 1099 2106 venimus,

85 2129 184 2194 neque
203 2110 242 2174 de
260 2111 350 2174 illius
373 2111 488 2176 itinere
512 2111 684 2195 quicquam
707 2111 787 2175 certi
810 2110 1009 2174 habebamus
1033 2111 1099 2174 nisi

56 2218 155 2263 neum
177 2199 218 2263 ab
238 2199 370 2283 Epheso
392 2203 466 2263 ante
485 2199 650 2283 aliquanto
670 2200 859 2282 profectum.
896 2197 1001 2284 Nunc,
1022 2199 1098 2263 istic
1117 2217 1133 2263 2

86 2287 160 2368 quid
178 2291 304 2372 agatur,
326 2307 444 2372 magno
464 2308 559 2370 opere
578 2288 692 2371 timec,
717 2308 913 2371 quamquam
936 2292 972 2351 tu
997 2287 1099 2352 altera

86 2375 220 2456 epistula
252 2375 369 2439 scribis
405 2375 516 2439 Idibus
546 2373 642 2439 Maiis
675 2376 779 2439 audiri
815 2377 884 2440 fore
925 2379 963 2439 111
993 2375 1098 2439 acrius

84 2463 315 2548 postularetur,
343 2463 444 2528 altera
471 2463 536 2527 iarn
565 2484 634 2528 esse
660 2464 800 2528 mitiora.
851 2461 914 2528 Sed
943 2463 1022 2529 haec
1050 2467 1099 2528 est

86 2551 184 2631 pridie
211 2552 287 2616 data
316 2573 412 2635 quam
440 2551 510 2635 illa,
538 2572 601 2635 quo
630 2552 803 2616 conturber
826 2552 938 2636 magis.
984 2550 1098 2635 Itaque

56 2659 152 2704 acum
180 2661 271 2705 meus
298 2661 351 2703 me
378 2660 504 2704 maeror
532 2639 712 2703 cotidianus
743 2640 863 2705 lacerat
896 2643 928 2704 et
960 2641 1098 2724 conficit,

86 2728 150 2792 lum
178 2750 254 2793 vero
283 2728 363 2792 haec
390 2727 498 2791 addita
525 2750 602 2792 cura
629 2729 683 2791 vix
710 2729 792 2792 mihi
814 2729 916 2792 vitam
939 2727 1099 2811 reliquam

86 2813 166 2880 facit.
219 2814 282 2881 Sed
309 2820 341 2880 61
368 2816 533 2901 navigatio
563 2816 761 2899 perdifficilis
789 2817 865 2900 fuit,
899 2819 931 2880 et
964 2816 1019 2879 ille
1051 2817 1100 2880 in-

87 2908 201 2988 certus,
229 2905 286 2969 ubi
311 2925 370 2989 ego
394 2925 510 2989 essem,
534 2904 672 2968 fortasse
695 2905 795 2968 aliurn
819 2926 949 2969 cursum
972 2905 1098 2987 petivit.

87 2986 165 3056 Nam
184 2991 332 3056 Phaetho
356 2992 495 3056 libertus
519 3015 591 3056 eum
613 3014 680 3056 non
702 2993 791 3056 vidit.
829 2991 937 3056 Vento
960 2993 1099 3056 reiectus

55 3078 122 3142 aab
147 3079 211 3144 llio
238 3081 275 3143 in
297 3079 517 3164 Macedoniam
539 3079 646 3145 Pellae
671 3080 753 3145 mihi
776 3084 905 3164 praesto
930 3080 1001 3144 fuit.
1037 3079 1099 3144 Re
1170 3079 1176 3090 ’

86 3164 167 3251 lique
186 3190 286 3252 quam
303 3169 384 3232 mihi
402 3169 543 3232 timenda
563 3169 637 3254 sint,
655 3169 748 3234 video
766 3190 835 3255 nec,
854 3168 931 3252 quid
951 3168 1100 3253 scribam,

84 3251 180 3322 habeo
200 3260 235 3320 61
255 3258 363 3321 omnia
380 3257 490 3341 timeo,
511 3261 654 3320 nectam
672 3257 827 3321 miserum
846 3260 896 3320 est
915 3257 1100 3340 quicquam,

87 3345 164 3426 quod
186 3365 258 3409 non
275 3345 311 3408 in
327 3349 474 3410 nostram
491 3346 655 3409 fortunam
674 3346 785 3410 cadere
806 3344 962 3410 videatur,
999 3344 1101 3427 Equi-

85 3429 148 3498 dem
172 3433 280 3498 adhuc
301 3434 400 3498 miser
422 3434 457 3498 in
479 3434 629 3498 maximis
656 3435 739 3498 meis
766 3433 928 3498 aerumnis
952 3436 984 3495 et
1007 3432 1100 3494 lucti-
