2578 3886
371 857 429 940 M.
453 855 646 938 TULLI
672 854 1013 938 CICERONIS

314 1014 702 1089 EPISTULARUM
729 1015 798 1086 AD
826 1016 1071 1089 ATTICUM

464 1169 598 1235 LIBER
621 1168 919 1236 DUODECIMUS.

682 1469 705 1534 Ι.

278 1591 335 1647 Sor.
350 1593 382 1646 ia
399 1591 536 1661 Arpinati
559 1591 639 1645 VIII
653 1591 690 1644 K.
706 1592 828 1646 Intereat.
840 1598 910 1659 post.
926 1609 951 1645 α.
966 1595 1022 1648 708
1042 1595 1112 1660 (46).
1240 1606 1248 1644 s

506 1712 635 1769 CICERO
654 1712 786 1767 ATTICO
806 1713 880 1767 SAL.

150 1843 164 1892 1
251 1823 430 1889 Undecimo
454 1823 515 1909 die,
537 1826 711 1907 postquam
734 1845 752 1885 a
775 1825 808 1885 te
828 1821 1046 1909 discesseram,
1068 1823 1133 1887 hoc
1155 1823 1214 1889 lit-

184 1914 363 1977 terularum
391 1912 519 1976 exaravi
551 1911 716 1996 egrediens
740 1933 757 1974 e
780 1910 858 1973 villa
882 1913 955 1974 ante
977 1911 1083 1974 lucem
1106 1915 1214 1996 atque

185 2023 222 2065 eo
246 2001 297 2065 die
321 2000 506 2085 cogitabam
528 2000 564 2063 in
586 1997 770 2084 Anagnino,
799 2001 931 2080 postero
956 2002 1065 2064 autem
1088 1999 1122 2063 in
1145 2000 1214 2065 Tu-

185 2089 330 2173 sculano,
358 2089 406 2151 ibi
433 2110 533 2152 unum
562 2086 660 2172 diem,
692 2105 716 2150 v
738 2085 872 2150 Kalend
896 2086 998 2172 igitur
1021 2087 1063 2150 ad
1086 2091 1249 2156 consti-10

184 2180 302 2240 tutum.
348 2175 458 2260 Atque
485 2175 611 2239 utinam
638 2175 792 2239 continuo
820 2174 861 2238 ad
888 2173 1092 2258 complexum
1114 2198 1213 2241 meae

185 2265 323 2348 Tulliae,
356 2263 396 2327 ad
429 2264 574 2328 osculum
607 2261 735 2327 Atticae
767 2263 891 2345 possim
923 2265 1064 2328 currere!
1111 2262 1212 2339 Quod

186 2352 315 2436 quidem
333 2353 442 2434 ipsum
462 2352 575 2436 scribe,
598 2372 728 2436 quaese,
752 2351 791 2414 ad
809 2373 870 2433 me,
893 2354 940 2435 ut,
964 2351 1040 2414 dum
1059 2353 1210 2418 consisto

184 2442 220 2504 in
238 2441 430 2525 Tusculano,
454 2440 563 2523 sciam,
587 2439 665 2522 quid
688 2438 819 2523 garriat,
843 2439 895 2502 sin
915 2439 1102 2524 rusticatur,
1126 2442 1211 2524 quid

186 2528 306 2592 scribat
335 2527 375 2592 ad
401 2531 447 2611 te,
480 2528 572 2612 eique
598 2527 722 2590 interea
751 2531 807 2590 aut
839 2527 958 2591 scribes
983 2528 1122 2592 salutem
1146 2535 1207 2593 aut
1225 2555 1248 2595 15

184 2615 352 2680 nuntiabis
384 2616 526 2699 itemque
557 2613 667 2679 Piliae.
720 2614 766 2678 Et
798 2618 921 2700 tamen,
953 2615 1015 2679 etsi
1048 2616 1206 2682 continuo

149 2702 1206 2875 2⁰‘nuransart},lassataslasatas

185 2881 225 2944 ad
246 2903 304 2956 -me
330 2879 419 2944 venit
450 2902 523 2943 cum
550 2879 689 2962 epistula
717 2883 775 2942 tua
797 2843 1001 2964 tabellaiius3
1033 2902 1098 2963 qua
1121 2882 1207 2946 lecta

185 2969 223 3032 de
241 2968 370 3032 Atticae
388 2968 545 3031 febricula
564 2967 685 3031 scilicet
704 2967 796 3031 valde
815 2966 912 3032 dolui.
949 2967 1098 3052 Reliqua,
1122 2992 1247 3053 quaeso

185 3055 424 3141 exspectabam,
466 3077 504 3119 ex
541 3055 608 3118 tuis
644 3055 763 3119 litteris
801 3056 939 3140 cognovi
975 3057 1097 3141 omnia,
1141 3058 1206 3143 sed,

186 3145 273 3229 quod
306 3144 420 3209 scribis
454 3143 643 3228 ‘igniculum
674 3143 872 3208 matutinum
900 3145 1123 3229 yepovrrudv',
1151 3169 1206 3229 γε·

186 3234 427 3319 ροντικώτερον
456 3235 505 3296 est
529 3232 717 3296 memoriola
740 3232 897 3296 vacillare.
944 3232 1017 3317 Ego
1042 3233 1129 3297 enim
1152 3251 1207 3299 1111

184 3321 256 3386 Kal.
280 3321 366 3386 Axio
391 3320 548 3404 dederam,
571 3319 634 3382 tibi
652 3338 700 3403 111,
725 3318 854 3405 Quinto,
878 3321 1013 3405 quodie
1036 3322 1206 3406 venissem,

186 3409 220 3472 id
247 3413 297 3474 est
319 3427 343 3473 v
366 3407 437 3472 Kal.
483 3407 556 3472 Hoc
577 3408 679 3492 igitur
701 3407 852 3494 habebis,
880 3409 957 3474 novi
979 3409 1071 3473 nihil.
1120 3410 1206 3487 Quid
1220 3439 1246 3476 25
