2564 3880
284 153 542 208 EPISTULARUM
561 155 611 208 AD
631 155 794 210 ATTICUM
812 157 864 210 XV
884 163 907 225 1,
928 162 975 210 la.
1070 157 1136 220 465

604 383 654 450 Ia.

263 505 319 561 sor.
334 506 367 562 a
386 505 553 560 sinuessano
571 506 633 559 nu
650 507 716 561 rar.
730 507 795 561 aa.
811 475 838 563 a.
854 509 908 562 710
929 511 995 575 (n).

425 627 571 683 CICERO
588 627 735 683 ATTICO
753 629 836 683 SAL.

110 772 131 814 0
186 733 273 800 Here
306 735 453 799 dederam
484 736 524 799 ad
556 739 589 799 te
620 736 746 800 litteras
778 737 886 801 exiens
914 759 931 801 e
956 736 1170 803 Puteolanor

86 825 380 907 sdeverteramque
403 823 438 886 in
461 821 649 888 Cumanum.
690 824 743 889 Ibi
765 825 845 888 bene
868 824 1029 890 valentem
1053 827 1135 890 vide-

116 935 189 975 ram
211 911 335 976 Piliam.
383 910 467 987 Quin
494 913 594 976 etiam
621 912 809 995 paulopost
833 911 942 977 Cumis
966 937 1036 978 eam
1059 915 1134 978 vidi.

117 999 261 1064 Venerat
285 1000 371 1064 enim
394 1000 429 1062 in
446 1000 559 1084 funus3
582 1001 632 1064 cui
651 1001 759 1064 funeri
778 1021 838 1086 ego
858 1023 986 1084 quoque
1006 1023 1136 1085 operam

117 1088 200 1153 dedi.
247 1085 304 1152 On.
323 1087 492 1170 Lucullus,
520 1087 688 1152 familiaris
716 1093 841 1174 noster,
868 1093 1006 1153 matrem
1029 1090 1135 1154 effere

117 1177 185 1240 bat.
230 1175 337 1240 Mansi
368 1175 470 1259 igitur
503 1197 540 1240 eo
574 1175 624 1239 die
651 1177 686 1239 in
713 1174 909 1240 Sinuessano
937 1181 1035 1260 atque
1061 1178 1134 1242 inde

73 1286 213 1328 romane
246 1263 402 1347 postridie
432 1263 593 1346 Arpinum
621 1264 825 1347 proficiscens
852 1263 934 1328 hanc
963 1266 1135 1348 epistulam

117 1352 255 1416 exaravi.
301 1351 383 1415 Erat
411 1355 520 1415 autem
546 1351 629 1415 nihil
655 1352 745 1436 novi,
774 1353 860 1435 quod
883 1357 940 1416 aut
963 1354 1169 1418 scriberema

118 1443 177 1504 aut
200 1461 239 1504 ex
263 1443 296 1503 te
321 1461 515 1525 quaererem,
538 1440 602 1503 nisi
620 1440 705 1503 forte
722 1438 784 1503 hoc
803 1440 843 1503 ad
861 1461 928 1504 rem
947 1445 1043 1523 putas
1066 1463 1135 1524 per-

116 1527 230 1592 tinere.
275 1527 398 1591 Brutus
429 1531 540 1590 noster
572 1527 662 1591 misit
695 1527 736 1590 ad
766 1549 817 1591 me
841 1529 1021 1592 orationem
1043 1551 1134 1593 suam

116 1615 265 1679 habitam
295 1616 329 1679 in
361 1615 512 1679 contione
539 1612 723 1698 Capitolina
749 1616 928 1699 petivitque
956 1638 975 1679 a
1001 1638 1066 1701 me,
1097 1620 1135 1680 ut

74 1726 104 1768 15
119 1725 190 1767 eam
217 1725 258 1766 ne
289 1703 459 1767 ambitiose
483 1703 688 1787 corrigerem,
717 1707 889 1786 antequam
912 1703 1027 1767 ederet.
1072 1702 1134 1767 Est

119 1795 229 1855 autem
259 1791 363 1854 oratio
393 1791 514 1873 scripta
541 1790 777 1874 elegantissime
806 1791 989 1875 sententiis,
1017 1791 1134 1875 verbis,

118 1883 156 1942 ut
183 1879 267 1942 nihil
298 1878 403 1961 possit
431 1880 525 1942 ultra.
572 1878 645 1963 Ego
675 1882 797 1962 tamen,
831 1879 858 1942 si
889 1879 978 1942 illam
1006 1901 1134 1943 causam

117 1967 318 2049 habuissem,
361 1966 561 2049 scripsissem
602 1966 773 2031 ardentius.
828 1967 1010 2042 ‘ratosne
1045 1966 1134 2030 vides

119 2077 201 2138 quae
234 2055 277 2118 sit
309 2060 338 2119 ct
369 2076 506 2137 persona
539 2054 681 2118 dicentis.
731 2054 846 2137 Itaque
879 2076 949 2118 eam
976 2054 1134 2138 corrigere

75 2164 185 2206 aenon
212 2142 313 2226 potui.
361 2141 431 2218 Quo
460 2142 545 2206 enim
573 2142 608 2205 in
636 2163 750 2226 genere
773 2141 896 2206 Brutus
923 2146 1035 2206 noster
1065 2164 1134 2206 esse

118 2231 189 2294 vult
213 2234 245 2293 et
270 2229 356 2312 quod
373 2230 527 2293 iudicium
544 2229 644 2293 habet
667 2230 705 2293 de
724 2231 847 2313 optimo
866 2252 981 2314 genere
1001 2230 1135 2312 dicendi,

117 2319 151 2381 id
174 2319 222 2381 ita
244 2321 435 2382 consecutus
455 2318 489 2381 in
509 2319 709 2389 sacratione
729 2323 789 2404 est,
811 2323 848 2382 ut
867 2318 1045 2402 elegantius
1065 2339 1135 2382 esse

118 2406 202 2470 nihil
225 2407 343 2489 possit3
367 2405 422 2469 sed
445 2425 505 2490 ego
530 2410 658 2470 secutus
682 2406 770 2470 aliud
793 2428 864 2469 sum
885 2407 951 2469 sive
969 2406 1031 2470 hoe
1049 2410 1135 2470 recte

119 2494 187 2557 sive
210 2515 277 2558 non
298 2496 392 2557 recte.
430 2492 480 2556 Tu
503 2496 611 2557 tamen
632 2495 730 2558 velim
750 2516 819 2558 eam
839 2495 1019 2558 orationem
1036 2494 1135 2578 legas,

77 2605 103 2646 2⁵
117 2582 183 2645 nisi
215 2582 299 2646 forte
326 2581 392 2645 iam
418 2581 543 2667 legisti,
575 2582 807 2665 certioremque
833 2603 885 2645 me
912 2582 1026 2668 facias,
1058 2582 1135 2665 quid

117 2670 239 2733 iudices
271 2670 348 2752 ipse.
399 2668 601 2752 Quamquam
632 2692 758 2755 vereor,
788 2691 828 2733 ne
859 2670 1048 2753 cognomine
1076 2674 1133 2733 tuo

117 2757 229 2840 lapsus
252 2757 468 2842 ὑπεροπτικὸς
479 2814 483 2824 ,,
492 2759 536 2820 sis
560 2757 595 2820 in
617 2757 795 2822 iudicanda.
843 2755 913 2841 Sed,
942 2759 969 2821 si
992 2759 1135 2821 recorda·

117 2845 194 2908 bere
218 2843 462 2929 Λημοσθένους
493 2844 641 2929 fulmina,
674 2849 745 2908 tum
772 2845 941 2929 intelleges
965 2867 1060 2929 posse
1083 2845 1135 2908 vel

119 2931 321 2997 ἀττικώτατα
349 2932 538 3018 gravissime
566 2932 636 2996 dici.
684 2931 746 2997 Sed
775 2931 853 2997 haee
876 2955 992 2997 coram.
1038 2931 1134 2996 Nunc

75 3046 104 3084 aa
117 3042 177 3084 nec
206 3021 275 3084 sine
302 3020 441 3103 epistula
467 3042 525 3084 nee
554 3042 626 3084 cum
653 3021 741 3085 inani
765 3021 905 3106 epistula
926 3020 1017 3084 volui
1040 3020 1079 3083 ad
1102 3023 1135 3082 te

118 3107 343 3174 Metrodorum
365 3109 482 3173 venire.
