2616 3884
149 171 216 234 280
474 171 511 224 Μ.
532 169 639 223 TULLI
657 167 847 222 CICERONIS

147 314 267 377 exitum
294 317 451 397 exoptem.
487 312 533 376 At
558 334 654 395 quam
676 311 824 395 honesta,
847 315 881 375 at
902 333 998 396 quam
1020 312 1173 395 expedita

146 405 204 465 tua
236 401 384 484 consilia,
418 422 514 484 quam
544 399 697 484 evigilata
725 400 791 464 tuis
820 399 1076 484 cogitationibus
1106 421 1172 483 qua

146 490 284 575 itineris,
308 512 372 573 qua
393 488 623 573 navigationis,
647 509 712 571 qua
735 509 927 572 congressus
947 489 1172 572 sermonisque

148 599 222 644 cum
240 576 388 643 Caesare!
421 574 537 640 Omnia
558 597 631 639 cum
649 576 877 640 honestatum
895 580 997 640 canta.
1035 573 1075 640 In
1093 577 1173 660 Epi-

145 689 220 730 rum
241 688 317 731 vero
340 665 491 729 invitatio
516 685 613 748 quam
636 665 755 750 suavis,
778 686 876 748 quam
893 664 1047 750 liberalia,
1072 687 1172 748 quam
1200 688 1213 730 s

150 755 308 818 fraterna!

111 858 126 906 a
214 843 263 906 De
285 841 444 924 Dionysio
469 863 540 905 sum
564 841 750 926 admiratuS,
773 840 830 923 qui
854 841 939 923 apud
961 862 1013 905 mc
1031 840 1173 906 honora-

148 933 213 996 tior
240 930 304 994 fuit
333 951 429 1012 quam
452 929 538 1013 apud
560 927 743 1012 Scipionem
766 927 955 1013 Panaetius3
979 951 1087 1013 aquo
1111 931 1172 994 im-

147 1019 320 1102 purissime
348 1016 426 1081 haec
455 1022 569 1082 nostra
592 1018 724 1081 fortuna
747 1016 898 1100 despecta
922 1022 980 1081 est.
1027 1016 1091 1081 Odi
1113 1018 1173 1083 ho-

147 1107 267 1170 minem
298 1109 331 1170 st
364 1105 474 1191 odero,
506 1106 633 1170 utinam
659 1105 772 1170 ulcisci
799 1107 943 1187 possem!
986 1105 1049 1171 Sed
1077 1105 1221 1170 illumrc

149 1195 344 1259 ulciscentur
366 1215 473 1258 mores
498 1193 556 1258 sui.

112 1298 128 1345 3
215 1281 274 1367 Tu,
297 1303 427 1366 quaeso,
449 1303 535 1346 nunc
552 1282 605 1346 vel
622 1282 770 1365 maxime,
795 1281 873 1365 quid
892 1282 1054 1365 agendum
1072 1282 1171 1346 nobis
1286 1313 1288 1398 1

148 1372 201 1457 sit,
230 1370 346 1455 cogita
395 1369 512 1454 Populi
539 1369 680 1434 Romani
708 1370 867 1434 exercitus
897 1367 953 1434 Gn.
978 1369 1173 1454 Pompeium

148 1459 368 1543 circumsedet,
389 1459 478 1522 fossa
502 1462 535 1522 et
557 1459 643 1523 vallo
668 1462 815 1542 saeptum
838 1462 938 1544 tenet,
959 1457 1039 1542 fuga
1061 1459 1173 1541 prohi-
1288 1428 1289 1490 l

147 1548 217 1634 bet,
242 1568 303 1611 nos
325 1547 479 1631 vivimus,
506 1549 539 1610 et
563 1551 629 1611 stat
652 1547 731 1610 urbs
754 1546 832 1632 ista,
859 1550 1026 1630 praetores
1049 1547 1101 1610 ius
1127 1548 1173 1610 di·
1188 1570 1216 1610 m
1289 1526 1290 1574 l

148 1640 236 1719 cunt,
255 1635 371 1700 aediles
389 1635 483 1699 ludos
502 1639 630 1719 parant,
642 1634 705 1698 viri
723 1634 803 1698 boni
821 1656 937 1698 usuras
955 1635 1172 1721 perscribunt,

148 1745 208 1809 ego
232 1723 302 1807 ipse
323 1724 429 1788 sedeo!
463 1720 569 1788 Ooner
591 1723 670 1787 illuc
692 1722 739 1786 ire
763 1726 800 1786 ut
823 1722 973 1806 insanus,
995 1723 1173 1806 implorare
1291 1722 1292 1746 ³

148 1812 245 1876 fidem
276 1811 548 1894 municipiorum?
585 1810 669 1875 Boni
695 1832 763 1875 non
795 1814 984 1896 sequentur,
1016 1811 1103 1876 leves
1130 1812 1172 1876 ir·
1292 1819 1293 1836 ¹

149 1900 314 1985 ridebunt,
342 1921 450 1964 rerum
476 1921 634 1964 novarum
661 1899 782 1983 cupidi,
810 1899 950 1963 victores
979 1901 1172 1983 praesertim
1293 1916 1294 1930 ³

112 2003 131 2050 4
150 1993 183 2053 et
204 1990 329 2074 armati,
353 1989 420 2054 vim
439 1993 472 2051 et
489 2009 603 2051 manus
623 1987 776 2051 adferent.
815 1985 898 2061 Quid
917 2009 1026 2051 censes
1045 1988 1172 2071 igitur?
1187 2012 1216 2051 ao

150 2076 340 2160 ecquidnam
364 2080 413 2141 est
436 2077 486 2140 tui
510 2075 638 2140 consilii
659 2075 733 2159 †ad
755 2075 831 2138 finis
854 2074 952 2140 huius
971 2075 1172 2141 miserrimae

150 2165 256 2229 vitae?
293 2162 389 2228 Nunc
413 2164 519 2249 doleo,
541 2185 627 2227 nunc
649 2167 819 2248 torqueor,
842 2184 915 2228 cum
939 2164 1091 2247 quoidam
1116 2169 1172 2229 aut

151 2253 279 2336 sapiens
305 2252 430 2339 videor,
460 2252 548 2335 quod
569 2273 634 2314 una
656 2273 724 2314 non
745 2251 853 2336 ierim,
880 2255 937 2315 aut
959 2252 1037 2316 felix
1060 2252 1171 2317 fuisse.

28 2397 30 2404 ,
149 2341 233 2406 Mihi
265 2345 385 2405 contra.
435 2338 623 2423 Numquam
650 2338 736 2402 enim
763 2339 851 2403 illius
878 2340 1034 2404 victoriae
1063 2341 1183 2405 socius·

151 2451 220 2494 esse
242 2429 342 2514 volui,
369 2428 562 2493 calamitatis
585 2427 715 2491 mallem
736 2427 846 2492 fuisse.
893 2427 977 2503 Quid
1000 2449 1060 2514 ego
1083 2450 1172 2494 nunc
1185 2450 1213 2493 rs

150 2523 224 2582 tuas
246 2517 383 2600 litteras,
408 2517 486 2600 quid
504 2520 595 2580 tuam
612 2515 819 2599 prudentiam
837 2520 893 2579 aut
912 2515 1172 2582 benevolentiam

150 2605 341 2689 implorem?
383 2605 502 2669 Actum
530 2607 593 2688 est,
620 2603 711 2667 nulla
738 2625 772 2668 re
800 2604 866 2668 iam
893 2624 1029 2687 possum
1055 2605 1172 2691 iuvari,

152 2695 217 2778 qui,
238 2715 279 2757 ne
303 2693 391 2776 quod
414 2696 523 2775 optem
543 2692 681 2775 quidem,
704 2692 769 2755 iam
787 2691 900 2774 habeo,
922 2691 987 2757 nisi
1006 2696 1044 2758 ut
1062 2693 1172 2777 aliqua

150 2781 274 2846 inimici
296 2780 517 2844 misericordia
539 2780 722 2844 liberemur.

615 2955 702 3021 XIII.
1185 2981 1212 3021 ao

317 3077 373 3134 Sor.
389 3078 421 3132 in
440 3076 593 3132 Formiano
610 3077 662 3130 IX
678 3077 715 3131 K.
730 3077 799 3146 Apr.
815 3095 841 3131 a.
857 3080 913 3132 705
931 3080 1002 3146 (49).

455 3199 601 3255 CICERO
618 3200 765 3256 ATTICO
782 3200 865 3256 SAL.

115 3326 129 3374 1
218 3311 289 3376 Οὐκ
312 3307 375 3375 ἔστ’
402 3311 521 3392 ἔτυμος
544 3312 657 3391 λόγος,
685 3312 723 3372 ut
747 3309 871 3394 opinor,
893 3309 949 3374 illc
971 3307 1010 3372 de
1032 3307 1167 3372 ratibus.

150 3399 233 3475 Quid
261 3399 345 3463 enim
369 3401 468 3481 esset,
496 3397 582 3481 quod
605 3395 776 3460 Dolabella
798 3396 840 3460 iis
863 3396 998 3483 littoris,
1025 3417 1105 3480 quas
1128 3413 1169 3458 111

148 3487 226 3552 Idus
250 3486 385 3551 Martias
409 3509 428 3550 a
450 3484 624 3549 Brundisio
649 3483 747 3569 dedit,
768 3483 852 3549 hanc
877 3485 969 3568 quasi
989 3483 1169 3568 εὐημερίαν
1182 3508 1210 3549 aa
