2616 3884
231 120 489 176 EPISTULARUM
508 121 557 176 AD
576 121 739 177 AT'I'IOUM
758 122 823 178 VIII
842 123 1016 180 11D—12A.
1071 125 1137 190 243

190 264 336 330 Primum
353 264 464 351 igitur,
482 264 561 330 haec
579 265 688 350 qualia
706 265 768 330 tibi
788 287 857 331 esse
874 266 1052 353 videantur,
1076 268 1137 332 etsi
1155 285 1174 336 4

126 354 308 439 significata
330 357 407 418 sunt
429 357 510 439 ate,
531 356 642 418 tamen
659 354 839 418 accuratius
858 354 939 420 mihi
957 356 1137 440 perscribas

124 443 230 527 velim,
253 441 365 508 deindo
384 441 506 526 aliquid
525 442 623 506 etiam
646 441 681 506 in
699 446 866 525 posterum
882 443 1061 528 prospicias
1079 444 1138 509 fin-

126 551 260 617 gasque,
290 551 385 614 quem
414 552 465 594 me
495 550 565 593 esse
595 529 716 613 deceat,
747 534 779 595 et
808 530 866 595 ubi
889 553 940 596 me
963 532 1138 616 plurimum

100 618 276 703 eprodesse
298 619 345 683 rei
368 618 514 702 publicae
538 619 672 701 sentias,
701 639 819 702 ecquae
846 619 979 703 pacifica
1001 642 1139 704 persona

126 706 332 790 desideretur,
355 727 397 770 an
419 706 454 770 in
476 705 632 770 bellatore
655 706 721 770 sint
743 707 860 772 omnia.

190 793 300 878 Atque
332 814 406 880 ego,
442 794 499 877 qui
535 793 650 859 omnia.
679 795 786 862 officio
822 795 953 881 metior,
988 795 1173 862 recordere

125 886 235 947 tamen
264 886 321 946 tua
352 881 500 968 consilia,
536 882 653 967 quibus
684 883 712 946 si
740 883 935 971 paruissem,
967 884 1138 949 tristiliam

125 971 257 1035 illorum
278 973 462 1054 temporum
482 992 549 1035 non
572 971 738 1036 subissem.
783 971 930 1058 Memini,
957 973 1035 1057 quid
1057 972 1139 1038 mihi

85 1087 112 1128 ro
125 1063 197 1123 tum
220 1059 358 1123 suaseris
385 1080 443 1143 per
465 1057 707 1142 Theophanem,
733 1080 791 1142 per
814 1059 1015 1147 Culleonem,
1042 1060 1139 1145 idque

126 1168 226 1300 {pieplo}
239 1147 453 1299 ingerpislccns
472 1167 554 1299 sunpt
561 1147 754 1212 recordatus.
792 1145 896 1300 {luere
906 1170 1001 1300 lpauno
1024 1149 1139 1301 seltenp⁵

125 1344 194 1387 Μ
216 1256 324 1388 ,tul
337 1256 664 1408 ustulatur
686 1255 906 1410 litigii
921 1257 1137 1410 diffinio

126 1411 370 1486 salubrioribus.
423 1408 485 1475 Sed
517 1410 601 1476 nibil
634 1412 831 1497 praescribo;
867 1417 1013 1478 accurate
1041 1413 1138 1477 velim

85 1527 111 1570 ιε
125 1500 305 1584 perscribas
335 1503 426 1564 tuam
455 1498 496 1565 ad
524 1520 576 1562 me
605 1500 805 1564 sententiam.
851 1499 936 1564 Volo
966 1501 1064 1564 etiam
1087 1522 1173 1570 err-e

126 1587 250 1674 quinas,
284 1610 381 1671 quam
410 1587 657 1672 diligentissime
686 1587 808 1670 poteris
839 1585 991 1674 (habebis
1021 1592 1138 1673 autem,

124 1698 182 1760 per
205 1697 287 1760 quos
310 1673 442 1762 possis),
466 1676 544 1760 quid
561 1675 718 1740 Lentulus
735 1679 856 1762 noster,
878 1676 955 1760 quid
972 1674 1138 1762 Domitius

126 1768 212 1852 agat,
231 1763 309 1848 quid
322 1768 452 1828 acturus
472 1764 525 1849 sit,
543 1786 638 1848 quem
657 1764 697 1829 ad
714 1763 846 1829 modum
862 1784 948 1828 nunc
962 1766 1139 1848 segerant,

124 1874 204 1917 num
233 1874 328 1936 quem
356 1856 519 1938 accusent,
544 1873 622 1916 num
651 1851 729 1935 quoi
756 1856 962 1916 suscenseant
989 1887 1032 1898 -
1060 1851 1138 1935 quid

84 1969 112 2008 ao
126 1941 197 2005 dico
220 1962 299 2016 num
322 1940 420 2024 quoi?
452 1962 532 2004 num
553 1939 715 2026 Pompeio.
762 1938 899 2004 Omnino
923 1939 1049 2023 culpam
1072 1960 1138 2003 om-

8 2097 9 2100 ,
124 2051 201 2094 nem
222 2027 394 2112 Pompeius
417 2029 452 2092 in
473 2028 655 2093 Domitium
683 2028 820 2113 confert,
849 2028 935 2112 quod
961 2027 1063 2112 ipsius
1085 2027 1138 2091 lit

7 2148 15 2200 ,;
124 2118 204 2182 teris
228 2116 380 2201 cognosci
409 2119 530 2202 potest,
562 2139 698 2200 quarum
731 2116 911 2199 exemplum
937 2116 977 2180 ad
999 2119 1032 2180 te
1054 2115 1137 2180 misi.

7 2196 15 2274 Γ
124 2205 215 2270 Haec
237 2204 339 2290 igitur
360 2204 499 2287 videbis,
526 2208 571 2289 ct,
599 2205 685 2289 quod
707 2204 747 2268 ad
773 2208 806 2270 te
829 2209 904 2269 ante
927 2203 1055 2291 scripsi,
1076 2203 1138 2269 De-

7 2291 9 2360 l
124 2293 223 2358 metri
241 2292 403 2377 Magnetis
421 2293 551 2378 librum,
574 2313 669 2376 quem
688 2293 727 2357 ad
745 2295 779 2358 te
796 2293 886 2357 misit
904 2292 942 2357 de
960 2292 1138 2379 concordia,

83 2382 224 2449 avelim
246 2380 328 2445 mihi
349 2380 470 2446 mittas.

613 2572 652 2638 A.

215 2693 272 2750 Ser.
291 2693 426 2749 maiae
444 2693 532 2749 XIII
546 2699 598 2752 aut
614 2695 685 2748 XII
699 2693 736 2749 K.
757 2694 844 2748 Mart.
863 2711 889 2748 a.
910 2697 965 2750 705
983 2697 1052 2763 (49).

252 2815 307 2872 CN.
327 2816 479 2874 MAGNUS
497 2817 644 2872 Paucos.
665 2817 692 2872 S.
710 2817 742 2871 D.
763 2816 791 2871 Ο.
811 2814 1015 2886 MARCELLO,

465 2886 495 2942 L.
514 2887 684 2942 LENTULO
705 2885 797 2942 COSS.

80 3023 110 3064 ao
192 2996 280 3083 Ego,
310 2996 396 3081 quod
409 3047 411 3053 s
426 2996 652 3061 existimabam
682 2994 843 3080 dispersos
872 3017 932 3060 nos
961 3017 1064 3081 neque
1090 2997 1172 3062 rei1

124 3085 274 3169 publicae
296 3085 392 3149 utiles
419 3106 525 3169 neque
552 3084 649 3148 nobis
675 3083 835 3166 pracsidio
863 3105 933 3148 esse
959 3105 1066 3170 posse,
1092 3086 1138 3149 id·

126 3173 212 3238 circo
236 3173 276 3237 ad
298 3171 333 3237 L.
356 3172 538 3238 Domitium
560 3173 689 3236 litteras
712 3172 801 3256 misi,
827 3173 966 3255 primum
992 3173 1042 3236 uti
1069 3173 1137 3257 ipse

125 3283 200 3325 cum
224 3262 312 3327 omni
332 3261 424 3345 copia
443 3261 483 3326 ad
505 3282 565 3326 nos
584 3261 722 3344 veniret3
745 3260 773 3324 si
792 3260 829 3323 de
852 3281 885 3324 se
909 3260 1078 3343 dubitaret,
1100 3265 1138 3324 ut
1254 3265 1259 3278 '

125 3348 277 3414 cohortes
300 3367 414 3433 xvn11,
442 3371 523 3434 quac
547 3370 585 3413 ex
607 3347 724 3413 Piceno
748 3348 788 3412 ad
810 3369 861 3411 me
883 3348 945 3411 Iter
966 3346 1138 3432 habebant,

80 3463 109 3504 as
125 3437 168 3502 ad
195 3459 256 3502 nos
283 3439 435 3502 mitteret.
481 3436 573 3514 Quod
595 3437 717 3502 ventus
747 3458 832 3520 sum,
860 3436 981 3498 factum
1010 3439 1072 3522 cst,
1101 3440 1138 3499 ut

924 3537 977 3590 16*
