2568 3888
158 141 202 205 22
479 139 516 194 M.
537 139 645 193 TULLI
663 138 851 193 CICERONIS
1260 36 1268 238 1

159 283 303 348 omnium
333 281 558 346 coniunctione
593 286 625 346 et
660 282 854 347 auctoritate
889 282 1078 346 consulatus
1115 283 1192 346 mei

157 373 242 436 fixus
261 375 293 435 et
316 370 470 434 fundatus
484 369 662 455 videbatur,
684 370 749 434 nisi
767 371 839 453 quis
858 392 918 434 nos
933 371 1011 434 deus
1030 392 1192 454 respexe

157 461 212 546 rit,
235 459 379 542 elapsum
403 458 484 522 scito
509 479 579 521 esse
602 458 639 521 de
662 457 811 522 manibus
831 481 895 523 uno
914 459 976 523 hoc
993 459 1129 542 iudicio,
1158 459 1192 522 si

158 547 314 612 iudicium
342 549 392 610 est
415 546 551 630 triginta
576 546 725 611 homines
754 547 867 629 populi
890 546 1030 611 Romani
1053 547 1191 612 levissi-

158 657 229 700 mos
245 658 280 699 ac
298 635 514 719 nequissimos
533 635 710 698 nummulis
729 635 867 718 acceptis
887 635 938 699 ius
957 657 994 699 ao
1012 635 1062 698 fas
1083 657 1192 699 omne
1221 662 1235 701 1

159 724 263 788 (111111
278 727 319 808 11,
338 723 425 806 quod
444 744 554 786 11111111
572 744 638 786 non
657 722 752 787 modo
770 722 928 808 homines,
945 745 1060 787 verum
1079 724 1192 788 etiam
1271 758 1276 780 ι

157 812 295 895 pecudes
318 812 441 874 factum
463 831 532 874 esse
556 810 673 895 sciant,
698 811 733 874 id
754 809 890 874 Talnam
912 815 944 875 et
966 810 1124 875 Plautum
1152 815 1191 876 et
1274 817 1276 846 ³

159 898 337 984 Spongiam
364 902 396 962 et
424 902 545 963 ceteras
572 899 669 962 huius
697 899 785 962 modi
812 898 1003 983 quisquilias
1033 903 1190 964 statuere

124 1005 335 1071 tnumquam
365 1007 434 1050 esse
463 986 592 1051 factum.
638 985 702 1051 Sed
730 990 851 1071 tamen,
879 990 916 1051 ut
942 991 976 1051 te
999 988 1038 1051 de
1061 1010 1098 1052 re
1121 1011 1189 1072 pu-

159 1076 243 1139 blica
257 1075 412 1160 consoler,
424 1095 491 1139 non
509 1076 565 1160 ita,
577 1079 620 1139 ,ut
635 1079 805 1159 sperarunt
819 1075 898 1138 mali
910 1079 1004 1139 tanto
1019 1075 1188 1158 imposito
1204 1103 1233 1140 io

158 1164 205 1226 rei
242 1163 389 1246 publicae
419 1163 564 1247 vulnere,
596 1163 710 1227 alacris
742 1163 884 1227 exsultat
914 1163 1109 1247 improbitas
1145 1164 1189 1228 111

158 1251 302 1316 victoria.
338 1250 425 1316 Nam
446 1251 542 1334 plane
564 1251 612 1314 ita
629 1254 836 1336 putaverunt,
857 1273 931 1315 cum
953 1251 1080 1337 religio,
1105 1273 1187 1316 cum

158 1339 322 1423 pudicitia,
345 1361 418 1403 oum
435 1339 627 1404 iudiciorum
645 1339 734 1424 fides,
757 1360 830 1403 cum
849 1344 979 1404 senatus
999 1340 1186 1404 auctoritas

159 1428 365 1512 concidisset,
396 1428 466 1491 fore
494 1432 532 1492 ut
561 1431 671 1510 aperte
693 1427 810 1491 victrix
838 1428 984 1512 nequitia
1006 1450 1044 1492 ao
1072 1429 1183 1493 libido

159 1537 279 1598 poenas
304 1516 343 1580 ab
368 1516 491 1598 optimo
522 1536 650 1599 quoque
680 1518 804 1599 peteret
834 1515 884 1579 sui
914 1515 1049 1602 doloris,
1080 1539 1185 1599 quem
1200 1542 1229 1582 15

159 1603 399 1687 improbissimo
414 1603 530 1687 cuique
548 1604 709 1667 inusserat
729 1603 883 1668 severitas
897 1604 1085 1668 consulatus
1104 1606 1183 1670 mei.

123 1691 248 1757 aldem
275 1714 335 1777 ego
363 1692 418 1756 ille
442 1690 523 1778 (non
550 1691 636 1756 enim
663 1691 744 1755 mihi
770 1691 881 1756 videor
908 1691 1085 1756 insolenter
1110 1693 1185 1778 glo-

158 1781 250 1866 riari,
279 1803 352 1845 oum
381 1781 421 1844 de
449 1802 501 1843 me
529 1779 614 1863 apud
641 1783 674 1843 te
703 1780 832 1864 loquor,
862 1779 897 1843 in
921 1803 957 1845 ea
983 1781 1184 1864 praesertim

159 1868 312 1953 epistula,
346 1890 442 1951 quam
475 1867 551 1931 nolo
588 1867 660 1930 aliis
689 1865 774 1953 legi)
806 1867 903 1953 idem,
935 1868 1082 1955 inquam,
1115 1890 1181 1954 ego

158 1957 299 2020 recreavi
317 1955 463 2020 adflictos
482 1955 607 2018 animos
626 1955 786 2019 bonorum
803 1977 905 2019 unum
923 1978 1082 2039 quemque
1103 1979 1182 2021 oon·
1197 1984 1225 2022 so

159 2044 301 2127 firmans,
320 2043 476 2128 excitans3
495 2043 691 2107 insectandis
705 2066 781 2107 vero
800 2044 1066 2128 exagitandisque
1084 2067 1183 2109 num-

159 2131 270 2195 mariis
285 2131 446 2195 iudicibus
461 2153 588 2195 omnem
603 2131 752 2195 omnibus
768 2132 922 2196 studiosis
936 2153 973 2196 ac
990 2132 1182 2197 fautoribus

159 2219 248 2282 illius
277 2219 431 2283 victoriae
459 2222 648 2305 παρρησίαν
680 2220 797 2304 eripui,
827 2219 979 2284 Pisonem
1009 2221 1183 2285 consulem

159 2307 249 2371 nulla
266 2307 301 2370 in
319 2329 353 2370 re
372 2307 547 2372 consistere
569 2329 722 2390 umquam
741 2330 812 2371 sum
834 2330 959 2393 passus,
981 2307 1182 2391 desponsam

159 2394 283 2458 homini
304 2395 369 2458 iam
388 2393 515 2478 Syriam
534 2395 645 2480 ademi,
669 2399 816 2459 senatum
835 2397 875 2460 ad
892 2395 1064 2479 pristinam
1082 2418 1182 2461 suam
1196 2423 1223 2463 as

160 2483 365 2546 severitatem
387 2484 535 2548 revocavi
557 2486 655 2568 atque
677 2484 838 2548 abiectum
856 2483 1003 2569 excitavi,
1025 2483 1182 2549 Clodium

159 2575 361 2654 praesentem
383 2571 466 2655 fregi
489 2571 524 2635 in
546 2576 660 2636 senatu
679 2593 752 2636 cum
771 2572 917 2636 oratione
935 2575 1092 2654 perpetua
1110 2573 1182 2655 ple-

159 2659 293 2722 nissima
312 2659 483 2743 gravitatis
502 2663 573 2724 tum
592 2660 800 2724 altercatione
817 2659 914 2723 huius
928 2660 1029 2745 modi,
1053 2682 1092 2724 ex
1111 2682 1181 2745 qua

159 2747 235 2810 licet
257 2769 358 2831 pauca
382 2748 545 2832 degustes3
572 2769 648 2812 nam
676 2751 781 2812 cetera
802 2769 869 2811 non
896 2751 1033 2830 possunt
1054 2747 1179 2814 habere

160 2835 293 2898 eandem
311 2857 414 2918 neque
428 2836 494 2900 vim
511 2857 615 2918 neque
629 2839 831 2901 venustatem
845 2839 970 2899 remoto
988 2836 1046 2899 illo
1066 2837 1178 2901 studio
1195 2865 1223 2904 ao

124 2923 393 3007 acontentionis,
426 2944 522 3006 quem
553 2923 667 3006 ἀγῶνα
693 2946 751 2988 vos
784 2924 962 3007 appellatis.
1006 2921 1108 3010 Nam,
1139 2929 1179 2990 ut

158 3009 271 3075 Idibus
290 3011 386 3076 Maiis
408 3011 445 3075 in
462 3014 609 3076 senatum
631 3011 847 3096 convenimus,
870 3014 1003 3096 rogatus
1022 3033 1083 3096 ego
1108 3034 1180 3078 sen-

159 3101 296 3163 tentiam
318 3100 422 3164 multa
445 3099 512 3163 dixi
541 3100 579 3164 de
607 3123 732 3164 summa
759 3122 793 3164 11
822 3100 965 3184 publica,
996 3103 1094 3183 atque
1120 3100 1178 3166 1111

158 3187 249 3252 locus
269 3188 418 3252 inductus
433 3211 451 3252 a
469 3192 583 3253 maest
603 3189 767 3272 divinitus,
789 3208 830 3252 ne
848 3210 913 3251 una
930 3188 1028 3272 plaga
1046 3193 1179 3274 accepta

159 3280 267 3359 patres
282 3277 456 3361 conscripti
475 3277 687 3360 conciderent,
705 3298 745 3339 ne
765 3277 949 3359 deficerent3
968 3276 1087 3340 vulnus
1108 3298 1178 3342 esse
1193 3305 1220 3346 as

159 3364 228 3428 eius
258 3365 359 3451 modi,
390 3366 477 3449 quod
506 3365 586 3429 mihi
616 3386 675 3428 nec
705 3363 971 3428 dissimulandum
993 3385 1053 3428 nec
1078 3366 1178 3448 perti·

159 3454 363 3518 mescendum
386 3454 559 3538 videretur,
581 3474 622 3516 ne
642 3454 698 3516 aut
716 3451 895 3536 ignorando
916 3451 1103 3517 stultissimi
1121 3460 1179 3521 111
