<?xml version="1.0" encoding="UTF-8"?>
<!DOCTYPE html PUBLIC "-//W3C//DTD XHTML 1.0 Transitional//EN"
    "http://www.w3.org/TR/xhtml1/DTD/xhtml1-transitional.dtd">
<html xmlns="http://www.w3.org/1999/xhtml" xml:lang="en" lang="en">
 <head>
  <title>
</title>
<meta http-equiv="Content-Type" content="text/html;charset=utf-8" />
  <meta name='ocr-system' content='tesseract 3.04.00' />
  <meta name='ocr-capabilities' content='ocr_page ocr_carea ocr_par ocr_line ocrx_word'/>
</head>
<body>
  <div class='ocr_page' id='page_1' title='image "./scriptaquaemans00mullgoog_0554.png"; bbox 0 0 2564 3880; ppageno 0'>
   <div class='ocr_carea' id='block_1_1' title="bbox 248 177 1113 244">
    <p class='ocr_par' dir='ltr' id='par_1_1' title="bbox 248 177 1113 244">
     <span class='ocr_line' id='line_1_1' title="bbox 248 177 1113 244; baseline 0 -10"><span class='ocrx_word' id='word_1_1' title='bbox 248 177 506 235; x_wconf 78' lang='lat' dir='ltr'><strong>EPISTULARUM</strong></span> <span class='ocrx_word' id='word_1_2' title='bbox 524 177 574 233; x_wconf 81' lang='grc' dir='ltr'>ΑΙ)</span> <span class='ocrx_word' id='word_1_3' title='bbox 593 177 757 234; x_wconf 82' lang='lat' dir='ltr'>ATTICUM</span> <span class='ocrx_word' id='word_1_4' title='bbox 775 177 827 232; x_wconf 87' lang='lat' dir='ltr'>XII</span> <span class='ocrx_word' id='word_1_5' title='bbox 843 183 961 235; x_wconf 20' lang='lat' dir='ltr'>*re-⁶2.</span> <span class='ocrx_word' id='word_1_6' title='bbox 1050 180 1113 244; x_wconf 85' lang='lat'>391</span> 
     </span>
    </p>
   </div>
   <div class='ocr_carea' id='block_1_2' title="bbox 247 409 972 601">
    <p class='ocr_par' dir='ltr' id='par_1_2' title="bbox 247 409 972 601">
     <span class='ocr_line' id='line_1_2' title="bbox 581 409 633 474; baseline 0 0"><span class='ocrx_word' id='word_1_7' title='bbox 581 409 633 474; x_wconf 86' lang='lat' dir='ltr'>Ll.</span> 
     </span>
     <span class='ocr_line' id='line_1_3' title="bbox 247 531 972 601; baseline -0.003 -13"><span class='ocrx_word' id='word_1_8' title='bbox 247 531 304 589; x_wconf 76' lang='lat' dir='ltr'>Sor.</span> <span class='ocrx_word' id='word_1_9' title='bbox 319 532 352 586; x_wconf 76' lang='lat' dir='ltr'>in</span> <span class='ocrx_word' id='word_1_10' title='bbox 373 532 531 587; x_wconf 75' lang='lat' dir='ltr'>Tusculano</span> <span class='ocrx_word' id='word_1_11' title='bbox 550 531 637 586; x_wconf 77' lang='lat' dir='ltr'><em>XIII</em></span> <span class='ocrx_word' id='word_1_12' title='bbox 651 531 689 586; x_wconf 89' lang='lat' dir='ltr'>K.</span> <span class='ocrx_word' id='word_1_13' title='bbox 704 531 770 586; x_wconf 81' lang='lat' dir='ltr'>Ian.</span> <span class='ocrx_word' id='word_1_14' title='bbox 786 548 811 587; x_wconf 86' lang='lat' dir='ltr'>a.</span> <span class='ocrx_word' id='word_1_15' title='bbox 828 535 883 586; x_wconf 82' lang='lat'>709</span> <span class='ocrx_word' id='word_1_16' title='bbox 903 535 972 601; x_wconf 80' lang='lat'><em>(45).</em></span> 
     </span>
    </p>
   </div>
   <div class='ocr_carea' id='block_1_3' title="bbox 404 653 814 710">
    <p class='ocr_par' dir='ltr' id='par_1_3' title="bbox 404 653 814 710">
     <span class='ocr_line' id='line_1_4' title="bbox 404 653 814 710; baseline -0.01 0"><span class='ocrx_word' id='word_1_17' title='bbox 404 654 550 710; x_wconf 72' lang='lat' dir='ltr'>eloneo</span> <span class='ocrx_word' id='word_1_18' title='bbox 567 653 714 710; x_wconf 74' lang='lat' dir='ltr'><em>ATTICO</em></span> <span class='ocrx_word' id='word_1_19' title='bbox 731 653 814 709; x_wconf 71' lang='lat' dir='ltr'><strong><em>SAL.</em></strong></span> 
     </span>
    </p>
   </div>
   <div class='ocr_carea' id='block_1_4' title="bbox 56 761 1153 2519">
    <p class='ocr_par' dir='ltr' id='par_1_4' title="bbox 56 761 1153 2519">
     <span class='ocr_line' id='line_1_5' title="bbox 165 761 1151 847; baseline -0.002 -19"><span class='ocrx_word' id='word_1_20' title='bbox 165 763 319 828; x_wconf 72' lang='lat' dir='ltr'>lironem</span> <span class='ocrx_word' id='word_1_21' title='bbox 340 762 444 827; x_wconf 77' lang='lat' dir='ltr'>habeo</span> <span class='ocrx_word' id='word_1_22' title='bbox 468 762 574 846; x_wconf 84' lang='lat' dir='ltr'>eitius,</span> <span class='ocrx_word' id='word_1_23' title='bbox 598 784 695 847; x_wconf 88' lang='lat' dir='ltr'>quam</span> <span class='ocrx_word' id='word_1_24' title='bbox 717 762 859 826; x_wconf 83' lang='lat' dir='ltr'>verebar.</span> <span class='ocrx_word' id='word_1_25' title='bbox 898 761 999 827; x_wconf 88' lang='lat' dir='ltr'>Venit</span> <span class='ocrx_word' id='word_1_26' title='bbox 1017 763 1116 826; x_wconf 87' lang='lat' dir='ltr'>etiam</span> <span class='ocrx_word' id='word_1_27' title='bbox 1135 778 1151 826; x_wconf 89' lang='lat'>1</span> 
     </span>
     <span class='ocr_line' id='line_1_6' title="bbox 69 849 1115 938; baseline -0.003 -21"><span class='ocrx_word' id='word_1_28' title='bbox 69 849 225 938; x_wconf 80' lang='lat' dir='ltr'>sNioios‚</span> <span class='ocrx_word' id='word_1_29' title='bbox 257 855 303 936; x_wconf 68' lang='lat' dir='ltr'>at,</span> <span class='ocrx_word' id='word_1_30' title='bbox 316 849 483 916; x_wconf 89' lang='lat' dir='ltr'>Valerium</span> <span class='ocrx_word' id='word_1_31' title='bbox 514 851 611 916; x_wconf 87' lang='lat' dir='ltr'>hodie</span> <span class='ocrx_word' id='word_1_32' title='bbox 642 850 811 915; x_wconf 77' lang='lat' dir='ltr'><strong>audiebam</strong></span> <span class='ocrx_word' id='word_1_33' title='bbox 839 872 908 915; x_wconf 86' lang='lat' dir='ltr'>esse</span> <span class='ocrx_word' id='word_1_34' title='bbox 935 854 1115 915; x_wconf 80' lang='lat' dir='ltr'>venturum.</span> 
     </span>
     <span class='ocr_line' id='line_1_7' title="bbox 98 938 1117 1026; baseline -0.002 -22"><span class='ocrx_word' id='word_1_35' title='bbox 98 939 253 1016; x_wconf 82' lang='lat' dir='ltr'>Quamvis</span> <span class='ocrx_word' id='word_1_36' title='bbox 276 939 373 1004; x_wconf 90' lang='lat' dir='ltr'>multi</span> <span class='ocrx_word' id='word_1_37' title='bbox 395 940 476 1026; x_wconf 84' lang='lat' dir='ltr'>sint,</span> <span class='ocrx_word' id='word_1_38' title='bbox 502 940 607 1024; x_wconf 79' lang='lat' dir='ltr'>magis</span> <span class='ocrx_word' id='word_1_39' title='bbox 630 943 739 1004; x_wconf 86' lang='lat' dir='ltr'>temen</span> <span class='ocrx_word' id='word_1_40' title='bbox 762 960 817 1003; x_wconf 90' lang='lat' dir='ltr'>ero</span> <span class='ocrx_word' id='word_1_41' title='bbox 841 939 940 1025; x_wconf 85' lang='lat' dir='ltr'>solus,</span> <span class='ocrx_word' id='word_1_42' title='bbox 966 961 1065 1022; x_wconf 83' lang='lat' dir='ltr'>quam</span> <span class='ocrx_word' id='word_1_43' title='bbox 1088 938 1117 1002; x_wconf 87' lang='lat' dir='ltr'>si</span> 
     </span>
     <span class='ocr_line' id='line_1_8' title="bbox 98 1025 1116 1112; baseline -0.003 -19"><span class='ocrx_word' id='word_1_44' title='bbox 98 1049 184 1093; x_wconf 85' lang='lat' dir='ltr'>unus</span> <span class='ocrx_word' id='word_1_45' title='bbox 212 1047 320 1095; x_wconf 77' lang='lat' dir='ltr'>esses.¹</span> <span class='ocrx_word' id='word_1_46' title='bbox 353 1025 417 1092; x_wconf 84' lang='lat' dir='ltr'>Sed</span> <span class='ocrx_word' id='word_1_47' title='bbox 443 1031 594 1110; x_wconf 78' lang='lat' dir='ltr'>exspecto</span> <span class='ocrx_word' id='word_1_48' title='bbox 622 1030 669 1112; x_wconf 86' lang='lat' dir='ltr'>te,</span> <span class='ocrx_word' id='word_1_49' title='bbox 697 1048 716 1091; x_wconf 90' lang='lat' dir='ltr'>a</span> <span class='ocrx_word' id='word_1_50' title='bbox 738 1026 902 1091; x_wconf 80' lang='lat' dir='ltr'>Peducaeo</span> <span class='ocrx_word' id='word_1_51' title='bbox 926 1027 1052 1111; x_wconf 86' lang='lat' dir='ltr'>utique,</span> <span class='ocrx_word' id='word_1_52' title='bbox 1079 1034 1116 1090; x_wconf 89' lang='lat' dir='ltr'>tu</span> 
     </span>
     <span class='ocr_line' id='line_1_9' title="bbox 99 1113 1118 1200; baseline -0.002 -20"><span class='ocrx_word' id='word_1_53' title='bbox 99 1121 209 1180; x_wconf 86' lang='lat' dir='ltr'>eutem</span> <span class='ocrx_word' id='word_1_54' title='bbox 228 1115 391 1200; x_wconf 77' lang='lat' dir='ltr'>significas</span> <span class='ocrx_word' id='word_1_55' title='bbox 410 1113 533 1198; x_wconf 89' lang='lat' dir='ltr'>aliquid</span> <span class='ocrx_word' id='word_1_56' title='bbox 551 1115 650 1180; x_wconf 85' lang='lat' dir='ltr'>etiam</span> <span class='ocrx_word' id='word_1_57' title='bbox 668 1118 750 1179; x_wconf 89' lang='lat' dir='ltr'>ante.</span> <span class='ocrx_word' id='word_1_58' title='bbox 786 1114 909 1180; x_wconf 89' lang='lat' dir='ltr'>Verum</span> <span class='ocrx_word' id='word_1_59' title='bbox 927 1115 961 1179; x_wconf 84' lang='lat' dir='ltr'>id</span> <span class='ocrx_word' id='word_1_60' title='bbox 980 1115 1118 1199; x_wconf 84' lang='lat' dir='ltr'>quidem,</span> 
     </span>
     <span class='ocr_line' id='line_1_10' title="bbox 98 1204 291 1268; baseline -0.005 0"><span class='ocrx_word' id='word_1_61' title='bbox 98 1208 138 1268; x_wconf 84' lang='lat' dir='ltr'>ut</span> <span class='ocrx_word' id='word_1_62' title='bbox 184 1204 291 1268; x_wconf 87' lang='lat' dir='ltr'>oteris.</span> 
     </span>
     <span class='ocr_line' id='line_1_11' title="bbox 56 1225 1151 1377; baseline -0.004 -19"><span class='ocrx_word' id='word_1_63' title='bbox 56 1319 84 1358; x_wconf 81' lang='grc' dir='ltr'>ιο</span> <span class='ocrx_word' id='word_1_64' title='bbox 160 1225 217 1356; x_wconf 72' lang='lat' dir='ltr'>Ille</span> <span class='ocrx_word' id='word_1_65' title='bbox 242 1286 402 1377; x_wconf 83' lang='lat' dir='ltr'>Vergilio,</span> <span class='ocrx_word' id='word_1_66' title='bbox 434 1295 472 1355; x_wconf 85' lang='lat' dir='ltr'>ut</span> <span class='ocrx_word' id='word_1_67' title='bbox 499 1291 621 1355; x_wconf 81' lang='lat' dir='ltr'>scribis.</span> <span class='ocrx_word' id='word_1_68' title='bbox 667 1287 739 1354; x_wconf 86' lang='lat' dir='ltr'>Hoe</span> <span class='ocrx_word' id='word_1_69' title='bbox 765 1295 875 1354; x_wconf 86' lang='lat' dir='ltr'>tamen</span> <span class='ocrx_word' id='word_1_70' title='bbox 901 1291 998 1355; x_wconf 88' lang='lat' dir='ltr'>velim</span> <span class='ocrx_word' id='word_1_71' title='bbox 1027 1291 1151 1375; x_wconf 68' lang='lat' dir='ltr'>sciren</span> 
     </span>
     <span class='ocr_line' id='line_1_12' title="bbox 99 1377 1115 1464; baseline 0 -21"><span class='ocrx_word' id='word_1_72' title='bbox 99 1380 229 1464; x_wconf 88' lang='lat' dir='ltr'>quando</span> <span class='ocrx_word' id='word_1_73' title='bbox 262 1380 377 1445; x_wconf 79' lang='lat' dir='ltr'>auctio.</span> <span class='ocrx_word' id='word_1_74' title='bbox 427 1379 614 1462; x_wconf 77' lang='lat' dir='ltr'><strong>Epistulam</strong></span> <span class='ocrx_word' id='word_1_75' title='bbox 643 1377 682 1443; x_wconf 86' lang='lat' dir='ltr'>ad</span> <span class='ocrx_word' id='word_1_76' title='bbox 710 1377 880 1443; x_wconf 77' lang='lat' dir='ltr'>Caesarem</span> <span class='ocrx_word' id='word_1_77' title='bbox 906 1378 996 1444; x_wconf 88' lang='lat' dir='ltr'>mitti</span> <span class='ocrx_word' id='word_1_78' title='bbox 1023 1379 1115 1443; x_wconf 81' lang='lat' dir='ltr'>video</span> 
     </span>
     <span class='ocr_line' id='line_1_13' title="bbox 98 1465 1117 1551; baseline -0.002 -19"><span class='ocrx_word' id='word_1_79' title='bbox 98 1468 163 1532; x_wconf 89' lang='lat' dir='ltr'>tibi</span> <span class='ocrx_word' id='word_1_80' title='bbox 194 1468 327 1551; x_wconf 81' lang='lat' dir='ltr'>plaeere.</span> <span class='ocrx_word' id='word_1_81' title='bbox 377 1465 462 1542; x_wconf 85' lang='lat' dir='ltr'><strong>Quid</strong></span> <span class='ocrx_word' id='word_1_82' title='bbox 493 1466 643 1551; x_wconf 78' lang='lat' dir='ltr'>quaeris?</span> <span class='ocrx_word' id='word_1_83' title='bbox 679 1465 760 1530; x_wconf 90' lang='lat' dir='ltr'>mihi</span> <span class='ocrx_word' id='word_1_84' title='bbox 789 1488 917 1550; x_wconf 91' lang='lat' dir='ltr'>quoque</span> <span class='ocrx_word' id='word_1_85' title='bbox 943 1466 1005 1530; x_wconf 89' lang='lat' dir='ltr'>hoo</span> <span class='ocrx_word' id='word_1_86' title='bbox 1031 1467 1117 1531; x_wconf 89' lang='lat' dir='ltr'>idem</span> 
     </span>
     <span class='ocr_line' id='line_1_14' title="bbox 98 1553 1117 1639; baseline -0.001 -20"><span class='ocrx_word' id='word_1_87' title='bbox 98 1555 238 1620; x_wconf 87' lang='lat' dir='ltr'>maxime</span> <span class='ocrx_word' id='word_1_88' title='bbox 261 1556 383 1639; x_wconf 82' lang='lat' dir='ltr'>plaouit</span> <span class='ocrx_word' id='word_1_89' title='bbox 406 1559 439 1620; x_wconf 89' lang='lat' dir='ltr'>et</span> <span class='ocrx_word' id='word_1_90' title='bbox 462 1576 499 1619; x_wconf 90' lang='lat' dir='ltr'>eo</span> <span class='ocrx_word' id='word_1_91' title='bbox 523 1554 635 1638; x_wconf 83' lang='lat' dir='ltr'>magis,</span> <span class='ocrx_word' id='word_1_92' title='bbox 658 1554 745 1638; x_wconf 84' lang='lat' dir='ltr'>quod</span> <span class='ocrx_word' id='word_1_93' title='bbox 766 1553 850 1617; x_wconf 81' lang='lat' dir='ltr'>nihil</span> <span class='ocrx_word' id='word_1_94' title='bbox 871 1558 922 1618; x_wconf 83' lang='lat' dir='ltr'>est</span> <span class='ocrx_word' id='word_1_95' title='bbox 944 1555 980 1618; x_wconf 92' lang='lat' dir='ltr'>in</span> <span class='ocrx_word' id='word_1_96' title='bbox 998 1575 1036 1620; x_wconf 85' lang='lat' dir='ltr'>ea</span> <span class='ocrx_word' id='word_1_97' title='bbox 1052 1555 1117 1618; x_wconf 90' lang='lat' dir='ltr'>nisi</span> 
     </span>
     <span class='ocr_line' id='line_1_15' title="bbox 100 1643 1117 1729; baseline -0.002 -22"><span class='ocrx_word' id='word_1_98' title='bbox 100 1644 217 1727; x_wconf 88' lang='lat' dir='ltr'>optimi</span> <span class='ocrx_word' id='word_1_99' title='bbox 245 1644 338 1729; x_wconf 74' lang='lat' dir='ltr'>civis,</span> <span class='ocrx_word' id='word_1_100' title='bbox 365 1643 420 1707; x_wconf 86' lang='lat' dir='ltr'>sed</span> <span class='ocrx_word' id='word_1_101' title='bbox 442 1643 490 1707; x_wconf 88' lang='lat' dir='ltr'>ita</span> <span class='ocrx_word' id='word_1_102' title='bbox 513 1643 643 1728; x_wconf 74' lang='lat' dir='ltr'>optimi,</span> <span class='ocrx_word' id='word_1_103' title='bbox 668 1646 706 1705; x_wconf 91' lang='lat' dir='ltr'>ut</span> <span class='ocrx_word' id='word_1_104' title='bbox 729 1644 889 1727; x_wconf 81' lang='lat' dir='ltr'>tempora3</span> <span class='ocrx_word' id='word_1_105' title='bbox 922 1643 1040 1726; x_wconf 86' lang='lat' dir='ltr'>quibus</span> <span class='ocrx_word' id='word_1_106' title='bbox 1063 1664 1117 1725; x_wconf 87' lang='lat' dir='ltr'>pa-</span> 
     </span>
     <span class='ocr_line' id='line_1_16' title="bbox 59 1728 1116 1816; baseline -0.003 -20"><span class='ocrx_word' id='word_1_107' title='bbox 59 1757 85 1798; x_wconf 78' lang='lat'>15</span> <span class='ocrx_word' id='word_1_108' title='bbox 99 1753 170 1796; x_wconf 90' lang='lat' dir='ltr'>rere</span> <span class='ocrx_word' id='word_1_109' title='bbox 197 1753 308 1796; x_wconf 90' lang='lat' dir='ltr'>omnes</span> <span class='ocrx_word' id='word_1_110' title='bbox 335 1729 499 1797; x_wconf 77' lang='grc' dir='ltr'><em>πολιτικοὶ</em></span> <span class='ocrx_word' id='word_1_111' title='bbox 526 1728 735 1816; x_wconf 80' lang='lat' dir='ltr'>praecipiunt.</span> <span class='ocrx_word' id='word_1_112' title='bbox 782 1729 845 1794; x_wconf 86' lang='lat' dir='ltr'>Sed</span> <span class='ocrx_word' id='word_1_113' title='bbox 868 1729 930 1794; x_wconf 89' lang='lat' dir='ltr'>sois</span> <span class='ocrx_word' id='word_1_114' title='bbox 952 1731 1000 1795; x_wconf 83' lang='lat' dir='ltr'>ita</span> <span class='ocrx_word' id='word_1_115' title='bbox 1021 1730 1116 1794; x_wconf 89' lang='lat' dir='ltr'>nobis</span> 
     </span>
     <span class='ocr_line' id='line_1_17' title="bbox 100 1817 1118 1906; baseline -0.002 -22"><span class='ocrx_word' id='word_1_116' title='bbox 100 1841 172 1884; x_wconf 89' lang='lat' dir='ltr'>esse</span> <span class='ocrx_word' id='word_1_117' title='bbox 194 1819 315 1906; x_wconf 83' lang='lat' dir='ltr'>visum,</span> <span class='ocrx_word' id='word_1_118' title='bbox 342 1823 380 1883; x_wconf 89' lang='lat' dir='ltr'>ut</span> <span class='ocrx_word' id='word_1_119' title='bbox 401 1819 459 1883; x_wconf 84' lang='lat' dir='ltr'>isti</span> <span class='ocrx_word' id='word_1_120' title='bbox 482 1823 556 1883; x_wconf 86' lang='lat' dir='ltr'>ante</span> <span class='ocrx_word' id='word_1_121' title='bbox 579 1819 731 1902; x_wconf 81' lang='lat' dir='ltr'>legerent.</span> <span class='ocrx_word' id='word_1_122' title='bbox 777 1818 827 1881; x_wconf 82' lang='lat' dir='ltr'>Tu</span> <span class='ocrx_word' id='word_1_123' title='bbox 849 1817 951 1902; x_wconf 88' lang='lat' dir='ltr'>igitur</span> <span class='ocrx_word' id='word_1_124' title='bbox 973 1817 1007 1881; x_wconf 93' lang='lat' dir='ltr'>id</span> <span class='ocrx_word' id='word_1_125' title='bbox 1030 1839 1118 1882; x_wconf 87' lang='lat' dir='ltr'>eura-</span> 
     </span>
     <span class='ocr_line' id='line_1_18' title="bbox 99 1905 1119 1994; baseline -0.002 -23"><span class='ocrx_word' id='word_1_126' title='bbox 99 1909 160 1972; x_wconf 89' lang='lat' dir='ltr'>bis.</span> <span class='ocrx_word' id='word_1_127' title='bbox 207 1905 283 1994; x_wconf 82' lang='lat' dir='ltr'>Sed,</span> <span class='ocrx_word' id='word_1_128' title='bbox 314 1907 379 1971; x_wconf 89' lang='lat' dir='ltr'>nisi</span> <span class='ocrx_word' id='word_1_129' title='bbox 405 1907 500 1990; x_wconf 85' lang='lat' dir='ltr'>plane</span> <span class='ocrx_word' id='word_1_130' title='bbox 526 1907 567 1970; x_wconf 86' lang='lat' dir='ltr'>iis</span> <span class='ocrx_word' id='word_1_131' title='bbox 595 1905 764 1989; x_wconf 80' lang='lat' dir='ltr'>intelleges</span> <span class='ocrx_word' id='word_1_132' title='bbox 792 1905 932 1991; x_wconf 83' lang='lat' dir='ltr'>plaeere,</span> <span class='ocrx_word' id='word_1_133' title='bbox 959 1905 1119 1969; x_wconf 87' lang='lat' dir='ltr'>mittenda</span> 
     </span>
     <span class='ocr_line' id='line_1_19' title="bbox 98 1992 1118 2078; baseline -0.001 -20"><span class='ocrx_word' id='word_1_134' title='bbox 98 2017 167 2059; x_wconf 91' lang='lat' dir='ltr'>non</span> <span class='ocrx_word' id='word_1_135' title='bbox 190 1999 246 2060; x_wconf 87' lang='lat' dir='ltr'>est.</span> <span class='ocrx_word' id='word_1_136' title='bbox 288 1992 326 2058; x_wconf 93' lang='lat' dir='ltr'>Id</span> <span class='ocrx_word' id='word_1_137' title='bbox 348 1998 460 2059; x_wconf 87' lang='lat' dir='ltr'>autem</span> <span class='ocrx_word' id='word_1_138' title='bbox 479 1999 589 2059; x_wconf 89' lang='lat' dir='ltr'>utrum</span> <span class='ocrx_word' id='word_1_139' title='bbox 612 1993 662 2058; x_wconf 93' lang='lat' dir='ltr'>illi</span> <span class='ocrx_word' id='word_1_140' title='bbox 686 1994 828 2058; x_wconf 76' lang='lat' dir='ltr'>sentiant</span> <span class='ocrx_word' id='word_1_141' title='bbox 851 2015 933 2056; x_wconf 87' lang='lat' dir='ltr'>anne</span> <span class='ocrx_word' id='word_1_142' title='bbox 956 1993 1118 2078; x_wconf 82' lang='lat' dir='ltr'>simulent,</span> 
     </span>
     <span class='ocr_line' id='line_1_20' title="bbox 99 2081 1117 2168; baseline -0.003 -19"><span class='ocrx_word' id='word_1_143' title='bbox 99 2088 138 2149; x_wconf 93' lang='lat' dir='ltr'>tu</span> <span class='ocrx_word' id='word_1_144' title='bbox 161 2082 338 2168; x_wconf 80' lang='lat' dir='ltr'>intelleges.</span> <span class='ocrx_word' id='word_1_145' title='bbox 384 2082 467 2147; x_wconf 89' lang='lat' dir='ltr'>Mihi</span> <span class='ocrx_word' id='word_1_146' title='bbox 494 2082 659 2147; x_wconf 81' lang='lat' dir='ltr'>simulatio</span> <span class='ocrx_word' id='word_1_147' title='bbox 682 2103 742 2166; x_wconf 88' lang='lat' dir='ltr'>pro</span> <span class='ocrx_word' id='word_1_148' title='bbox 766 2081 989 2166; x_wconf 87' lang='lat' dir='ltr'>repudiatione</span> <span class='ocrx_word' id='word_1_149' title='bbox 1010 2082 1117 2147; x_wconf 86' lang='lat' dir='ltr'>fuerit.</span> 
     </span>
     <span class='ocr_line' id='line_1_21' title="bbox 60 2167 440 2257; baseline -0.003 -21"><span class='ocrx_word' id='word_1_150' title='bbox 60 2197 87 2236; x_wconf 80' lang='lat' dir='ltr'>ao</span> <span class='ocrx_word' id='word_1_151' title='bbox 105 2175 212 2237; x_wconf 83' lang='grc' dir='ltr'><strong>Τοῦτο</strong></span> <span class='ocrx_word' id='word_1_152' title='bbox 236 2167 273 2236; x_wconf 72' lang='grc' dir='ltr'>δὲ</span> <span class='ocrx_word' id='word_1_153' title='bbox 296 2172 440 2257; x_wconf 78' lang='grc' dir='ltr'><em>μηλώσῃ.</em></span> 
     </span>
     <span class='ocr_line' id='line_1_22' title="bbox 168 2256 1153 2345; baseline -0.003 -22"><span class='ocrx_word' id='word_1_154' title='bbox 168 2259 218 2323; x_wconf 92' lang='lat' dir='ltr'>De</span> <span class='ocrx_word' id='word_1_155' title='bbox 236 2256 392 2323; x_wconf 75' lang='lat' dir='ltr'>Caerellia</span> <span class='ocrx_word' id='word_1_156' title='bbox 414 2259 492 2343; x_wconf 88' lang='lat' dir='ltr'>quid</span> <span class='ocrx_word' id='word_1_157' title='bbox 510 2259 572 2323; x_wconf 89' lang='lat' dir='ltr'>tibi</span> <span class='ocrx_word' id='word_1_158' title='bbox 590 2258 742 2345; x_wconf 77' lang='lat' dir='ltr'>placeret,</span> <span class='ocrx_word' id='word_1_159' title='bbox 764 2257 842 2322; x_wconf 79' lang='lat' dir='ltr'>&#39;liro</span> <span class='ocrx_word' id='word_1_160' title='bbox 861 2258 943 2323; x_wconf 82' lang='lat' dir='ltr'>milri</span> <span class='ocrx_word' id='word_1_161' title='bbox 959 2257 1117 2342; x_wconf 81' lang='lat' dir='ltr'>narravit3</span> <span class='ocrx_word' id='word_1_162' title='bbox 1137 2273 1153 2320; x_wconf 84' lang='lat'>3</span> 
     </span>
     <span class='ocr_line' id='line_1_23' title="bbox 102 2345 1119 2432; baseline -0.004 -17"><span class='ocrx_word' id='word_1_163' title='bbox 102 2347 217 2415; x_wconf 87' lang='lat' dir='ltr'>debere</span> <span class='ocrx_word' id='word_1_164' title='bbox 243 2369 311 2412; x_wconf 89' lang='lat' dir='ltr'>non</span> <span class='ocrx_word' id='word_1_165' title='bbox 338 2367 408 2412; x_wconf 87' lang='lat' dir='ltr'>esse</span> <span class='ocrx_word' id='word_1_166' title='bbox 436 2347 605 2432; x_wconf 78' lang='lat' dir='ltr'>dignitatis</span> <span class='ocrx_word' id='word_1_167' title='bbox 633 2367 737 2430; x_wconf 85' lang='lat' dir='ltr'>meae,</span> <span class='ocrx_word' id='word_1_168' title='bbox 765 2347 1034 2430; x_wconf 78' lang='lat' dir='ltr'>perscriptionem</span> <span class='ocrx_word' id='word_1_169' title='bbox 1056 2345 1119 2411; x_wconf 91' lang='lat' dir='ltr'>tibi</span> 
     </span>
     <span class='ocr_line' id='line_1_24' title="bbox 101 2435 240 2519; baseline 0.007 -20"><span class='ocrx_word' id='word_1_170' title='bbox 101 2435 240 2519; x_wconf 86' lang='lat' dir='ltr'>plaeere:</span> 
     </span>
    </p>
   </div>
   <div class='ocr_carea' id='block_1_5' title="bbox 102 2555 1119 2644">
    <p class='ocr_par' dir='ltr' id='par_1_5' title="bbox 102 2555 1119 2644">
     <span class='ocr_line' id='line_1_25' title="bbox 102 2555 1119 2644; baseline -0.002 -21"><span class='ocrx_word' id='word_1_171' title='bbox 102 2557 201 2623; x_wconf 80' lang='lat' dir='ltr'>‘Hoo</span> <span class='ocrx_word' id='word_1_172' title='bbox 232 2559 418 2644; x_wconf 73' lang='lat' dir='ltr'>metuere,</span> <span class='ocrx_word' id='word_1_173' title='bbox 450 2557 614 2624; x_wconf 85' lang='lat' dir='ltr'>alterum</span> <span class='ocrx_word' id='word_1_174' title='bbox 647 2555 687 2620; x_wconf 83' lang='lat' dir='ltr'>in</span> <span class='ocrx_word' id='word_1_175' title='bbox 718 2561 820 2622; x_wconf 86' lang='lat' dir='ltr'>metu</span> <span class='ocrx_word' id='word_1_176' title='bbox 851 2578 928 2621; x_wconf 90' lang='lat' dir='ltr'>non</span> <span class='ocrx_word' id='word_1_177' title='bbox 954 2557 1119 2642; x_wconf 68' lang='lat' dir='ltr'>ponere?</span> 
     </span>
    </p>
   </div>
   <div class='ocr_carea' id='block_1_6' title="bbox 61 2695 1120 2940">
    <p class='ocr_par' dir='ltr' id='par_1_6' title="bbox 61 2695 1120 2940">
     <span class='ocr_line' id='line_1_26' title="bbox 61 2695 1120 2783; baseline -0.002 -19"><span class='ocrx_word' id='word_1_178' title='bbox 61 2723 88 2764; x_wconf 80' lang='lat' dir='ltr'>as</span> <span class='ocrx_word' id='word_1_179' title='bbox 102 2697 166 2764; x_wconf 83' lang='lat' dir='ltr'>Sed</span> <span class='ocrx_word' id='word_1_180' title='bbox 195 2698 330 2764; x_wconf 86' lang='lat' dir='ltr'>ethaeo</span> <span class='ocrx_word' id='word_1_181' title='bbox 352 2703 386 2764; x_wconf 93' lang='lat' dir='ltr'>et</span> <span class='ocrx_word' id='word_1_182' title='bbox 407 2698 511 2762; x_wconf 88' lang='lat' dir='ltr'>multe</span> <span class='ocrx_word' id='word_1_183' title='bbox 535 2697 598 2762; x_wconf 83' lang='lat' dir='ltr'>alia</span> <span class='ocrx_word' id='word_1_184' title='bbox 620 2718 736 2761; x_wconf 83' lang='lat' dir='ltr'>eoram.</span> <span class='ocrx_word' id='word_1_185' title='bbox 783 2695 979 2763; x_wconf 84' lang='lat' dir='ltr'>Sustinenda</span> <span class='ocrx_word' id='word_1_186' title='bbox 1001 2701 1120 2783; x_wconf 87' lang='lat' dir='ltr'>tamen,</span> 
     </span>
     <span class='ocr_line' id='line_1_27' title="bbox 102 2783 1119 2872; baseline -0.002 -20"><span class='ocrx_word' id='word_1_187' title='bbox 102 2789 131 2852; x_wconf 84' lang='lat' dir='ltr'>si</span> <span class='ocrx_word' id='word_1_188' title='bbox 152 2787 216 2852; x_wconf 88' lang='lat' dir='ltr'>tibi</span> <span class='ocrx_word' id='word_1_189' title='bbox 238 2786 411 2871; x_wconf 76' lang='lat' dir='ltr'>uidebitur,</span> <span class='ocrx_word' id='word_1_190' title='bbox 434 2785 554 2850; x_wconf 88' lang='lat' dir='ltr'>solutio</span> <span class='ocrx_word' id='word_1_191' title='bbox 578 2788 628 2850; x_wconf 87' lang='lat' dir='ltr'>est</span> <span class='ocrx_word' id='word_1_192' title='bbox 649 2785 791 2849; x_wconf 87' lang='lat' dir='ltr'>nominis</span> <span class='ocrx_word' id='word_1_193' title='bbox 820 2783 1019 2872; x_wconf 78' lang='lat' dir='ltr'>Caerelliani,</span> <span class='ocrx_word' id='word_1_194' title='bbox 1043 2786 1119 2850; x_wconf 92' lang='lat' dir='ltr'>dum</span> 
     </span>
     <span class='ocr_line' id='line_1_28' title="bbox 102 2873 801 2940; baseline -0.003 0"><span class='ocrx_word' id='word_1_195' title='bbox 102 2879 135 2940; x_wconf 86' lang='lat' dir='ltr'>et</span> <span class='ocrx_word' id='word_1_196' title='bbox 158 2876 197 2939; x_wconf 88' lang='lat' dir='ltr'>do</span> <span class='ocrx_word' id='word_1_197' title='bbox 220 2874 352 2939; x_wconf 87' lang='lat' dir='ltr'>Metone</span> <span class='ocrx_word' id='word_1_198' title='bbox 376 2878 408 2938; x_wconf 84' lang='lat' dir='ltr'>et</span> <span class='ocrx_word' id='word_1_199' title='bbox 431 2874 469 2939; x_wconf 87' lang='lat' dir='ltr'>de</span> <span class='ocrx_word' id='word_1_200' title='bbox 492 2873 630 2938; x_wconf 84' lang='lat' dir='ltr'>Faberio</span> <span class='ocrx_word' id='word_1_201' title='bbox 654 2873 801 2938; x_wconf 83' lang='lat' dir='ltr'>sciamus.</span> 
     </span>
    </p>
   </div>
   <div class='ocr_carea' id='block_1_7' title="bbox 260 3046 968 3238">
    <p class='ocr_par' dir='ltr' id='par_1_7' title="bbox 260 3046 968 3238">
     <span class='ocr_line' id='line_1_29' title="bbox 579 3046 646 3113; baseline 0.015 -1"><span class='ocrx_word' id='word_1_202' title='bbox 579 3046 646 3113; x_wconf 85' lang='lat' dir='ltr'><strong>LII.</strong></span> 
     </span>
     <span class='ocr_line' id='line_1_30' title="bbox 260 3169 968 3238; baseline -0.003 -13"><span class='ocrx_word' id='word_1_203' title='bbox 260 3169 318 3226; x_wconf 78' lang='lat' dir='ltr'>Sor.</span> <span class='ocrx_word' id='word_1_204' title='bbox 333 3170 366 3224; x_wconf 74' lang='lat' dir='ltr'>ire</span> <span class='ocrx_word' id='word_1_205' title='bbox 386 3169 545 3224; x_wconf 72' lang='lat' dir='ltr'>Tusculano</span> <span class='ocrx_word' id='word_1_206' title='bbox 563 3169 634 3223; x_wconf 90' lang='lat' dir='ltr'>XII</span> <span class='ocrx_word' id='word_1_207' title='bbox 647 3169 685 3224; x_wconf 86' lang='lat' dir='ltr'>K.</span> <span class='ocrx_word' id='word_1_208' title='bbox 699 3170 765 3224; x_wconf 75' lang='lat' dir='ltr'>Iura.</span> <span class='ocrx_word' id='word_1_209' title='bbox 781 3187 806 3224; x_wconf 85' lang='lat' dir='ltr'>a.</span> <span class='ocrx_word' id='word_1_210' title='bbox 824 3173 879 3226; x_wconf 80' lang='lat'>709</span> <span class='ocrx_word' id='word_1_211' title='bbox 900 3172 968 3238; x_wconf 79' lang='grc'><strong><em>(45).</em></strong></span> 
     </span>
    </p>
   </div>
   <div class='ocr_carea' id='block_1_8' title="bbox 63 3291 819 3349">
    <p class='ocr_par' dir='ltr' id='par_1_8' title="bbox 63 3291 819 3349">
     <span class='ocr_line' id='line_1_31' title="bbox 63 3291 819 3349; baseline 0.008 -8"><span class='ocrx_word' id='word_1_212' title='bbox 63 3304 89 3342; x_wconf 85' lang='lat' dir='ltr'>ao</span> <span class='ocrx_word' id='word_1_213' title='bbox 409 3291 554 3347; x_wconf 80' lang='lat' dir='ltr'><em>OIOERO</em></span> <span class='ocrx_word' id='word_1_214' title='bbox 571 3291 718 3348; x_wconf 75' lang='lat' dir='ltr'><em>ATTICO</em></span> <span class='ocrx_word' id='word_1_215' title='bbox 736 3293 819 3349; x_wconf 81' lang='lat' dir='ltr'><strong><em>SAL.</em></strong></span> 
     </span>
    </p>
   </div>
   <div class='ocr_carea' id='block_1_9' title="bbox 101 3399 1154 3569">
    <p class='ocr_par' dir='ltr' id='par_1_9' title="bbox 101 3399 1154 3569">
     <span class='ocr_line' id='line_1_32' title="bbox 169 3399 1154 3484; baseline -0.004 -19"><span class='ocrx_word' id='word_1_216' title='bbox 169 3400 204 3466; x_wconf 83' lang='lat' dir='ltr'>L.</span> <span class='ocrx_word' id='word_1_217' title='bbox 219 3400 364 3466; x_wconf 82' lang='lat' dir='ltr'>Tullium</span> <span class='ocrx_word' id='word_1_218' title='bbox 382 3399 574 3464; x_wconf 83' lang='lat' dir='ltr'>Montanum</span> <span class='ocrx_word' id='word_1_219' title='bbox 592 3401 694 3484; x_wconf 78' lang='lat' dir='ltr'>nosti3</span> <span class='ocrx_word' id='word_1_220' title='bbox 713 3401 768 3483; x_wconf 91' lang='lat' dir='ltr'>qui</span> <span class='ocrx_word' id='word_1_221' title='bbox 788 3422 861 3464; x_wconf 89' lang='lat' dir='ltr'>oum</span> <span class='ocrx_word' id='word_1_222' title='bbox 875 3399 1029 3465; x_wconf 74' lang='lat' dir='ltr'>Cicerone</span> <span class='ocrx_word' id='word_1_223' title='bbox 1047 3420 1120 3481; x_wconf 88' lang='lat' dir='ltr'>pro·</span> <span class='ocrx_word' id='word_1_224' title='bbox 1140 3414 1154 3462; x_wconf 88' lang='lat'>1</span> 
     </span>
     <span class='ocr_line' id='line_1_33' title="bbox 101 3485 1120 3569; baseline -0.005 -15"><span class='ocrx_word' id='word_1_225' title='bbox 101 3491 206 3554; x_wconf 83' lang='lat' dir='ltr'>fectus</span> <span class='ocrx_word' id='word_1_226' title='bbox 235 3491 291 3554; x_wconf 86' lang='lat' dir='ltr'>est.</span> <span class='ocrx_word' id='word_1_227' title='bbox 338 3487 391 3553; x_wconf 82' lang='lat' dir='ltr'>Ab</span> <span class='ocrx_word' id='word_1_228' title='bbox 419 3488 487 3552; x_wconf 88' lang='lat' dir='ltr'>eius</span> <span class='ocrx_word' id='word_1_229' title='bbox 511 3488 632 3552; x_wconf 87' lang='lat' dir='ltr'>sororis</span> <span class='ocrx_word' id='word_1_230' title='bbox 656 3488 725 3552; x_wconf 84' lang='lat' dir='ltr'>viro</span> <span class='ocrx_word' id='word_1_231' title='bbox 749 3488 875 3552; x_wconf 89' lang='lat' dir='ltr'>litteras</span> <span class='ocrx_word' id='word_1_232' title='bbox 900 3486 1007 3569; x_wconf 90' lang='lat' dir='ltr'>aooepi</span> <span class='ocrx_word' id='word_1_233' title='bbox 1029 3485 1120 3550; x_wconf 89' lang='lat' dir='ltr'>Mon-</span> 
     </span>
    </p>
   </div>
   <div class='ocr_carea' id='block_1_10' title="bbox 0 0 1303 3880">
    <p class='ocr_par' dir='ltr' id='par_1_10' title="bbox 0 0 1303 3880">
     <span class='ocr_line' id='line_1_34' title="bbox 0 0 1303 3880; baseline 0 0"><span class='ocrx_word' id='word_1_234' title='bbox 0 0 1303 3880; x_wconf 95' lang='lat' dir='ltr'> </span> 
     </span>
    </p>
   </div>
  </div>
 </body>
</html>
