2586 3886
195 177 260 240 142
516 173 553 227 Μ.
573 171 682 226 TULLI
700 170 891 226 CICERONIS

194 319 312 385 tinet?
348 317 472 383 Verum
499 321 609 382 tamen
636 315 817 401 decumani,
843 315 937 398 quasi
958 315 1118 380 venissem
1141 337 1222 380 cum

193 409 345 493 imperio,
373 405 486 471 Graeci
510 406 603 491 quasi
625 404 769 488 Ephesio
792 403 935 488 praetori
959 425 993 468 se
1015 404 1135 468 alacres
1160 405 1222 468 ob·

194 497 349 561 tulerunt.
395 494 448 559 Ex
475 516 539 578 quo
567 497 600 557 te
622 493 810 578 intellegere
834 495 921 556 certo
947 492 1013 556 scio
1035 493 1221 558 multorum

196 607 354 650 annorum
384 583 619 648 ostentationes
646 603 734 646 meas
762 601 848 644 nunc
877 580 914 644 in
942 580 1114 645 discrimen
1143 603 1220 646 esse

197 673 357 738 adductas.
404 670 480 756 Sed,
506 673 544 735 ut
567 691 676 755 spero,
704 673 834 734 utemur
857 689 894 733 ea
916 668 1087 754 palaestra,
1116 690 1219 753 quarn
1258 697 1282 737 5

197 785 215 826 a
238 765 271 827 te
293 760 476 844 didicimus,
504 759 718 842 omnibusque
741 757 821 821 satis
844 756 998 821 faciemus
1021 761 1053 820 et
1076 779 1114 822 eo
1137 757 1219 822 faci-

195 850 270 935 lius,
289 849 375 933 quod
393 848 429 912 in
445 850 560 911 nostra
577 846 744 930 provincia
762 845 925 910 confectae
944 848 1020 909 sunt
1038 845 1220 929 pactiones.

197 936 260 1002 Sed
285 936 455 1020 hactenus,
481 935 671 1020 praesertim
698 956 771 998 cum
798 933 927 999 cenanti
948 933 1031 997 mihi
1052 933 1221 998 nuntiarit

197 1023 326 1090 Cestius
349 1046 383 1089 se
406 1024 445 1088 de
466 1027 562 1088 nocte
584 1023 753 1107 proficisci.

160 1131 177 1178 2
263 1113 334 1177 Tua
354 1112 519 1197 negotiola
537 1111 661 1195 Ephesi
683 1133 777 1176 curse
795 1110 877 1174 mihi
895 1110 1035 1193 fuenmt,
1059 1109 1276 1177 Thermo-10

198 1223 273 1285 que,
300 1201 432 1266 tametsi
459 1204 533 1264 ante
561 1200 734 1265 adventum
760 1221 868 1264 meum
893 1198 1120 1263 liberalissime
1143 1203 1221 1262 erat

197 1289 363 1374 pollicitus
390 1288 458 1353 tuis
486 1288 651 1374 omnibus,
677 1292 788 1352 tamen
812 1286 1024 1372 Philogenem
1046 1290 1079 1351 et
1103 1285 1220 1352 Seium

197 1378 328 1463 tradidi,
355 1376 641 1461 Apollonidensem
666 1375 834 1441 Xenonem
860 1375 1088 1440 commendavi.
1139 1373 1218 1439 Om-

197 1467 275 1531 nino
307 1467 415 1531 omnia
448 1487 482 1530 se
508 1466 670 1530 facturum
697 1465 826 1548 recepit.
869 1463 945 1548 Ego
972 1467 1137 1547 praeterea
1165 1485 1219 1528 ra-

198 1556 321 1620 tionem
338 1553 510 1639 Philogeni
527 1553 776 1638 permutationis
799 1553 877 1640 eius,
901 1573 999 1635 quam
1016 1555 1124 1617 tecum
1141 1552 1219 1638 feci,
1236 1581 1272 1620 1⁵

198 1644 290 1708 edidi.
337 1643 427 1728 Ergo
451 1643 531 1707 haec
554 1663 683 1726 quoque
704 1641 867 1705 hactenus.

162 1751 179 1798 3
265 1731 372 1797 Redeo
397 1731 437 1796 ad
459 1731 592 1796 urbana.
636 1728 698 1794 Per
719 1730 881 1794 fortunas!
915 1728 1068 1813 quoniam
1090 1726 1219 1794 Romae

198 1843 317 1906 manes,
339 1820 481 1904 primurn
498 1818 580 1883 illud
597 1817 752 1902 praefulci
771 1821 867 1901 atque
885 1818 1062 1902 praemuni,
1085 1838 1220 1904 quassa,

199 1913 236 1973 ut
267 1910 367 1973 simus
396 1907 508 1994 annui,
534 1928 575 1970 ne
602 1907 809 1971 intercaletur
833 1906 969 1989 quidem.
1015 1905 1138 1970 Deinde
1162 1927 1219 1969 ex-

198 1996 293 2061 hauri
315 2018 386 2060 mea
408 1995 561 2060 mandata
582 1995 794 2080 maximeque,
817 1994 845 2058 si
869 1995 946 2078 quid
968 1998 1077 2077 potest
1097 1993 1135 2056 de
1153 1993 1217 2058 illo
1235 2024 1269 2062 so

199 2085 375 2149 domestico
395 2084 556 2168 scrupulo,
574 2105 670 2167 quem
686 2104 754 2147 non
767 2083 908 2168 ignoras,
927 2082 1001 2146 dein
1014 2082 1053 2146 de
1067 2079 1218 2166 Caesare,

199 2173 291 2237 cuius
313 2173 349 2236 in
371 2172 579 2256 cupiditatem
602 2174 635 2235 te
659 2175 789 2236 auctore
806 2171 948 2255 incubui,
969 2192 1028 2234 nee
1045 2192 1097 2234 me
1114 2169 1218 2254 piget.

199 2260 254 2346 Et,
277 2260 306 2324 si
327 2261 500 2346 intellegis,
524 2282 621 2344 quam
643 2282 752 2324 meum
776 2259 819 2323 sit
842 2259 923 2324 scire
942 2264 974 2323 et
992 2280 1112 2343 curare,
1136 2258 1220 2341 quid

199 2349 235 2412 in
261 2370 297 2413 re
323 2348 453 2433 publica
479 2349 538 2413 fiat
564 2385 608 2394 —
637 2348 696 2412 fiat
722 2348 853 2412 autem?
888 2348 988 2411 immo
1015 2368 1092 2411 vero
1116 2346 1219 2411 etiam

200 2437 278 2521 quid
299 2437 447 2501 futurum
470 2437 523 2522 sit,
545 2437 706 2520 perscribe
730 2437 844 2500 adme
868 2437 984 2520 omnia,
1007 2435 1063 2499 sed
1081 2435 1218 2519 diligen·
1234 2463 1264 2504 ss

199 2525 324 2589 tissime
346 2525 578 2610 imprimisque,
601 2525 714 2609 ecquid
736 2524 928 2589 iudiciorum
952 2527 1057 2588 status
1077 2527 1135 2587 aut
1152 2524 1219 2588 fae-

199 2618 308 2678 torum
327 2617 383 2677 aut
400 2614 585 2677 futurorum
604 2614 702 2677 etiam
720 2612 855 2677 laboret.
890 2611 940 2677 De
959 2635 1050 2698 aqua,
1073 2612 1219 2676 sicurae

200 2705 259 2787 est,
282 2702 311 2766 si
334 2701 412 2785 quid
433 2700 604 2786 Philippus
629 2705 712 2787 aget,
735 2701 978 2766 animadvertes.

662 2877 749 2943 XIV.

396 2999 452 3054 Ser.
472 2999 611 3054 Trallibus
635 2998 932 3054 711111111113
952 3001 1021 3068 (51).
1233 3012 1262 3052 so

521 3121 649 3177 CICERO
668 3121 800 3178 ATTICO
820 3123 894 3177 SAL.

164 3251 179 3299 1
267 3230 453 3316 Antequam
480 3231 588 3314 aliquo
616 3229 687 3295 loeo
718 3230 903 3316 consedero,
932 3251 1037 3315 neque
1059 3231 1175 3316 longas
1199 3256 1219 3296 a

199 3344 250 3386 me
273 3342 377 3404 neque
401 3342 526 3403 semper
548 3341 619 3384 mea
641 3340 739 3383 manu
756 3319 884 3384 litteras
904 3319 1120 3405 exspectabis,
1144 3341 1219 3384 cum

200 3415 309 3475 autem
337 3409 398 3473 erit
429 3409 584 3493 spatium,
611 3411 785 3490 utrumque
808 3408 989 3491 praestabo.
1034 3406 1131 3473 Nunc
1153 3409 1219 3472 iter

199 3498 447 3564 conficiebamus
475 3501 625 3562 aestuosa
648 3498 680 3559 et
702 3497 927 3577 pulverulenta
949 3497 1010 3561 via.
1056 3495 1220 3562 Dederam
1235 3523 1261 3564 ss
