2568 3888
171 165 215 229 50
493 163 530 217 M.
550 162 657 216 Γ11111111
676 161 866 216 CICERONIS

136 308 269 391 agium.
315 305 468 391 Hercule,
490 327 602 370 verum
624 309 661 368 ut
682 305 867 391 loquamur,
894 302 1203 369 subcontumeliose

171 398 331 460 tractatur
352 399 464 458 noster
485 392 630 478 Publius,
653 393 794 476 primum
818 393 884 478 qui,
906 415 979 458 cum
1002 392 1093 456 domi
1121 389 1204 454 Cae-

172 483 253 548 saris
278 483 440 566 quondam
462 504 546 546 unus
564 482 614 546 vir
636 481 744 565 fuerit,
766 503 853 546 nunc
870 503 911 545 ne
929 482 964 544 in
982 479 1107 564 viginti
1128 479 1204 562 qui-

172 572 245 635 dem
269 592 336 635 esse
358 570 515 654 potuerit,
544 569 657 632 deinde
681 569 744 632 alia
766 569 887 654 legatio
910 569 997 632 dicta
1019 573 1107 651 erat,
1134 566 1204 630 alia

173 659 248 724 data
271 662 327 723 661.
364 659 426 722 1116
449 658 556 741 opima
579 658 620 721 ad
642 656 813 744 exigendas
837 657 987 740 pecunias
1010 655 1138 739 Druse,
1163 660 1203 718 ut
1231 679 1243 718 s

173 748 297 832 opinor,
318 746 504 810 Pisaurensi
528 768 569 809 an
591 746 722 829 epuloni
740 744 873 809 Vatinio
892 749 1088 828 1616666166,
1115 743 1205 807 haec

172 836 280 900 ieiuna
302 833 464 898 tabellarii
486 833 608 917 legatio
632 834 727 897 datur
750 833 791 917 ei,
820 834 912 897 66166
938 833 1134 897 tribunatus
1160 832 1204 894 ad

172 924 310 988 istorum
330 926 478 1005 tempora
495 925 684 986 reservatur.
721 919 859 986 lucenda
876 921 1050 1006 hominem,
1073 919 1203 984 amabo

172 1014 217 1095 te,
251 1011 336 1094 quod
369 1014 469 1094 potes.
514 1008 589 1074 Una
619 1032 691 1092 spes
721 1012 771 1073 est
800 1010 915 1074 salutis
942 1010 1080 1074 istorum
1106 1009 1203 1071 inter

172 1100 261 1182 ipsos
295 1099 465 1183 dissensio,
498 1098 589 1162 66166
622 1118 682 1181 ego
715 1097 872 1181 quaedam
903 1098 998 1160 initia
1030 1097 1123 1160 sensi
1160 1117 1243 1159 ex1o

174 1185 321 1251 Curione.
367 1185 437 1249 Iam
465 1207 542 1250 6616
570 1183 687 1249 Arnus
717 1185 922 1249 consulatum
951 1185 1015 1250 sibi
1043 1188 1201 1267 ereptum

172 1275 295 1358 fremit,
317 1273 554 1358 Megabocchus
577 1276 610 1336 61
631 1273 712 1337 haec
730 1274 938 1358 sanguinaria
956 1274 1109 1338 16666166
1136 1271 1202 1335 ini-

172 1362 350 1427 micissima
372 1365 430 1426 est.
476 1361 618 1425 Accedat
640 1383 731 1446 6616,
759 1362 887 1426 accedat
910 1361 1009 1425 etiam
1031 1361 1096 1425 1616
1122 1361 1201 1423 rixa

173 1454 358 1535 auguratus.
405 1448 505 1534 Spero
538 1472 589 1513 me
618 1450 798 1532 praeclaras
829 1450 867 1513 de
899 1450 972 1514 11116
999 1449 1096 1514 rebus
1129 1448 1199 1531 epi·
1272 1471 1273 1476 ¹

175 1539 277 1602 616166
301 1540 341 1602 ad
363 1542 397 1602 te
420 1559 514 1620 saepe
537 1538 720 1601 missurum.
1213 1560 1239 1599 15

137 1646 155 1691 4
240 1625 303 1690 Sed
325 1627 407 1690 illud
430 1625 508 1709 quid
531 1626 585 1710 sit,
608 1627 688 1690 66166
711 1627 816 1711 cupio,
839 1625 925 1709 quod
951 1625 1029 1689 iacis
1053 1625 1198 1688 obscure

173 1715 239 1780 iam
259 1716 357 1778 etiam
376 1737 414 1778 ex
433 1714 513 1797 ipsis
533 1715 675 1797 quinque
693 1714 772 1778 61616
790 1713 882 1796 loqui
901 1713 1066 1797 quosdam.
1094 1711 1198 1788 Quid-

172 1825 249 1867 nam
270 1802 304 1866 id
327 1802 398 1866 est?
437 1801 472 1866 Si
491 1805 540 1865 est
563 1803 649 1865 enim
667 1802 799 1887 aliquid,
821 1801 895 1884 plus
914 1805 963 1865 661
982 1801 1070 1886 boni,
1093 1822 1197 1884 quam

173 1893 329 1975 putaram.
367 1888 477 1973 Atque
499 1889 578 1953 haee
601 1890 647 1953 sic
665 1890 763 1954 velim
786 1890 949 1954 existimes
972 1911 1039 1953 non
1061 1909 1114 1952 me
1134 1889 1196 1952 abs

173 1984 206 2042 16
228 1980 310 2043 κατὰ
332 1979 370 2042 τὸ
397 1979 580 2063 πρακτικὸν
608 1999 772 2062 quaerere,
803 1979 889 2061 quod
916 1978 1037 2062 gestiat
1064 1976 1195 2040 animus
1209 2001 1234 2039 ac
1273 1975 1274 2038 l

174 2066 297 2149 aliquid
327 2085 420 2149 agere
449 2066 485 2129 in
513 2087 548 2128 66
577 2065 714 2148 publiea.
760 2064 830 2129 lam
859 2066 983 2150 pridem
1011 2065 1196 2149 gubernare
1273 2131 1274 2136 ,

172 2175 224 2218 ma
247 2153 406 2238 taedebat,
429 2154 527 2217 etiam
550 2175 624 2216 cum
646 2152 779 2238 licebat,
800 2176 887 2218 nunc
904 2175 981 2218 vero
1001 2175 1075 2217 cum
1094 2174 1196 2236 cogar

173 2242 259 2305 exire
284 2241 420 2304 donavi
449 2263 515 2305 non
545 2241 693 2327 abiectis,
720 2243 776 2305 sed
805 2243 924 2325 ereptis
955 2241 1195 2326 gubernaculis,

156 2330 266 2412 cupio
290 2329 429 2392 istorum
451 2329 621 2414 naufragia
639 2351 678 2392 ex
700 2332 787 2393 terra
809 2330 939 2414 intueri,
962 2329 1067 2415 cupio,
1090 2333 1129 2393 ut
1148 2329 1196 2392 ait

172 2421 248 2480 tuus
273 2417 392 2480 amicus
416 2415 601 2503 Sophocles,
1092 2475 1095 2482 .
1209 2440 1234 2480 as

726 2540 799 2606 ‘adv
822 2542 888 2606 ὑπὸ
913 2539 1011 2626 στέγῃ

298 2637 426 2711 πυκνῆς
450 2627 585 2694 ἀκούειν
608 2630 757 2708 ψακάδος
780 2630 925 2714 εὑδούσῃ
950 2627 1069 2714 posca?

137 2803 153 2849 5
240 2785 289 2849 De
308 2808 400 2850 muro
421 2785 499 2868 quid
518 2808 598 2870 opus
619 2787 671 2871 sit,
689 2787 821 2852 videbis.
852 2785 1090 2851 Castricianum
1105 2806 1193 2849 men-

173 2874 249 2937 dum
278 2895 338 2938 nos
369 2874 582 2958 corrigemus,
612 2878 645 2938 61
674 2880 784 2939 tamen
813 2875 853 2939 ad
882 2897 934 2939 me
964 2873 1105 2949 Quintus
1135 2871 1191 2936 Hs

174 2977 271 3029 coloe
286 2980 342 3029 100
358 2962 540 3046 scripserat,
557 2962 654 3045 †non
668 2964 708 3026 ad
727 2985 872 3028 sororem
885 2967 977 3027 tuam
990 2960 1047 3026 Hs
1066 2963 1150 3026 aii.
1165 2985 1191 3025 a.
1205 2986 1230 3026 ao

173 3049 323 3114 Terentia
350 3049 413 3113 tibi
441 3050 580 3113 salutem
608 3050 693 3115 dicit.
747 3049 857 3116 Cicero
885 3051 948 3114 tibi
975 3050 1123 3138 mandat,
1155 3055 1191 3114 ut

172 3135 378 3202 Aristodemo
398 3137 483 3201 idem
501 3138 540 3201 de
559 3158 594 3200 se
611 3138 814 3225 respondeas,
837 3138 923 3221 quod
942 3139 980 3202 de
998 3139 1100 3202 fratre
1123 3161 1191 3225 suo,

174 3225 294 3289 sororis
317 3229 393 3290 tuae
414 3226 493 3310 filio,
515 3226 719 3308 respondisti.
756 3227 806 3292 De
823 3225 1007 3312 Ἀμαλθείᾳ
1031 3227 1118 3309 quod
1140 3249 1192 3290 me

172 3314 336 3400 admones,
357 3335 424 3378 non
446 3314 662 3399 neglegemus.
710 3312 804 3400 Oura,
826 3319 864 3379 ut
886 3314 1001 3379 661666.
