2586 3886
243 133 505 190 EPISTULARUM
523 136 573 189 AD
592 135 756 191 ATTICUM
774 137 814 190 IV
833 142 875 205 18,
896 142 938 191 19.
1040 137 1104 200 127

74 271 175 364 titur,
198 278 271 344 nisi
294 279 349 363 qui
372 277 537 344 hominem
560 279 720 344 occiderit.
766 279 838 344 Hoe
864 284 975 344 tamen
997 281 1107 365 agitur

80 368 240 454 severine,
271 369 381 451 itaque
410 368 529 432 indicia
559 369 671 433 calent.
722 368 765 432 M.
788 367 923 433 Fulvius
953 366 1106 433 Nobilior

80 457 316 522 condemnatus
352 459 418 542 est3
453 456 550 519 multi
587 456 643 520 alii
679 456 797 538 urbani
831 477 873 520 ne
909 457 1106 539 respondent

81 544 220 627 quidem.

59 653 69 694 5
143 631 235 708 Quid
264 630 352 698 aliud
376 632 476 696 novi?
521 632 640 696 Etiam.
686 631 849 696 Absolute
874 631 1012 697 Gabinio
1042 635 1107 698 sto-
1120 651 1138 698 4
1152 650 1217 702 (XVI
1231 651 1259 690 12¹

80 721 273 784 machantes
298 720 354 788 alii
376 719 496 784 iudices
517 719 599 783 hora
621 725 697 804 post
710 720 910 785 Antiochum
930 719 1106 785 Gabinium

80 809 187 873 neseio
215 830 313 891 quem
332 805 524 890 eSopolidis
547 808 727 891 pictoribus
749 809 915 890 libertum,
938 831 1105 874 accensum
1139 890 1141 893 Ι

81 893 215 982 Gabini,
247 896 318 980 lege
347 895 449 979 Papia
479 897 739 960 condemnarunt.
784 897 900 980 Itaque
930 897 1012 961 dixit
1042 901 1106 961 sta

82 983 139 1048 tim
162 985 187 1068 †
207 1006 295 1066 resp.
322 984 394 1068 lege
423 984 603 1048 maiestatis
634 987 1105 1050 ΟΤΟΟΙΜΡΙΟΑΜΑΦΙΗΙ.

52 1096 70 1134 u
80 1069 279 1156 Pomptinus
307 1073 380 1136 vult
407 1095 435 1138 a.
459 1071 487 1136 (i
510 1089 564 1136 1111
586 1071 670 1138 Non.
693 1070 867 1138 Novembr.
895 1073 1106 1157 triumphare.

82 1157 166 1224 Huio
191 1160 326 1224 obviam
340 1157 421 1224 Oato
446 1164 479 1226 et
498 1159 652 1225 Servilius
671 1164 836 1244 praetores
859 1162 899 1225 ad
921 1167 1050 1245 portam
1073 1166 1106 1226 et

83 1245 115 1321 Q.
138 1248 272 1313 Mucius
295 1248 455 1312 tribunus.
501 1246 632 1332 Negant
659 1249 745 1312 enim
772 1250 876 1313 latum
900 1250 937 1314 de
961 1251 1106 1335 imperio,

86 1339 115 1398 et
138 1340 190 1400 est
213 1337 321 1400 latum
342 1336 472 1400 hercule
495 1336 626 1402 insulse.
664 1336 726 1402 Sed
749 1338 811 1401 erit
834 1359 907 1403 eum
929 1337 1105 1422 Pomptino

84 1421 211 1508 Appius
242 1425 362 1488 oonsul.
416 1422 497 1489 Cato
527 1429 637 1491 tamen
666 1423 814 1489 adfirmat
844 1447 879 1489 se
908 1426 982 1490 vivo
1013 1427 1107 1490 illum

53 1531 148 1574 1511011
175 1512 467 1596 triumphaturum.
512 1511 550 1576 Id
576 1533 637 1600 ego
667 1516 747 1596 puto
778 1518 815 1576 ut
838 1513 941 1577 multa
964 1514 1107 1579 eiusdem

86 1599 123 1662 ad
142 1601 233 1665 nihil
254 1622 444 1666 recasurum
490 1599 618 1684 Appius
640 1601 708 1664 sine
737 1602 809 1686 lege
832 1623 891 1666 suo
916 1606 1047 1686 sumptu
1070 1603 1106 1665 in

86 1683 236 1753 Gih'oiem
259 1688 389 1773 cogitat.

149 1775 182 1842 A
197 1777 321 1852 Quinto
344 1777 446 1842 fratre
469 1781 501 1841 et
525 1800 543 1840 a
567 1775 703 1842 Caesare
727 1777 833 1860 accepi
856 1777 1018 1841 a.d.vl111
1036 1777 1107 1842 Kal.
1124 1795 1259 1845 501¹?ssss

87 1858 166 1930 Nov.
199 1867 329 1929 litteras
366 1865 457 1928 datas
492 1889 511 1929 a
539 1865 693 1932 litoribus
726 1865 915 1930 Britanniae
948 1866 1105 1948 proximis

57 1971 112 2012 ua.
135 1953 164 2017 u
188 1971 230 2017 vl
256 1952 328 2016 Kal.
350 1951 481 2018 Octobr.
535 1951 690 2018 Confecta
721 1954 906 2039 Britannia,
936 1954 1106 2018 obsidibus

89 2042 251 2193 {iffi
269 2041 1107 2212 ttttttaittttattffitttttttt

90 2212 260 2282 Caesarem
282 2218 455 2301 profectus.
492 2217 551 2302 Tu,
573 2218 603 2281 si
626 2222 682 2282 aut
706 2240 797 2284 amor
818 2219 853 2283 in
875 2222 909 2282 te
928 2222 978 2283 est
1000 2219 1107 2282 nostri

90 2323 124 2366 ae
152 2309 289 2372 tuorum
321 2305 378 2369 aut
406 2307 473 2369 ulla
504 2305 637 2389 veritas,
669 2311 725 2370 eut
759 2307 857 2372 etiem
889 2307 918 2370 si
950 2307 1037 2390 sepis
1070 2329 1107 2370 ae

58 2389 151 2457 affui
173 2394 243 2458 tuis
266 2393 443 2458 commodis
467 2394 600 2479 cogitare,
624 2394 795 2458 adventare
816 2399 849 2459 et
872 2416 973 2480 prope
996 2395 1108 2459 adesse

89 2476 150 2544 iem
172 2483 280 2547 debes.
326 2480 402 2546 Non
425 2482 606 2546 mehercule
629 2503 731 2566 aequo
757 2484 863 2547 animo
887 2487 920 2547 te
944 2503 1051 2567 eare03
1074 2486 1109 2546 te

91 2572 196 2635 autem
220 2569 299 2654 quid
327 2570 459 2656 mirum,
490 2571 547 2654 qui
568 2569 764 2654 Dionysium
791 2575 884 2635 tanto
908 2593 1004 2654 opere
1027 2571 1108 2634 desi·

91 2652 217 2722 derem?
263 2657 364 2734 Quem
388 2657 518 2742 quidem
547 2659 605 2722 ahs
636 2662 682 2744 te,
712 2681 786 2723 eum
817 2659 884 2722 dies
907 2659 1046 2742 venerit,
1076 2663 1109 2722 et

93 2761 147 2826 ego
171 2750 205 2811 et
229 2745 340 2811 Cicero
363 2769 453 2810 meus
477 2746 648 2831 flagitabit.
686 2745 755 2810 Abs
779 2751 811 2811 te
835 2747 999 2830 proximas
1022 2747 1108 2811 litte-

60 2849 141 2896 eoras
162 2834 325 2900 habebam
346 2835 478 2918 Epheso
502 2858 528 2899 a.
553 2835 581 2899 d.
604 2853 629 2898 v
651 2832 728 2898 Idus
752 2834 863 2899 Sextil.
888 2835 989 2900 datas,

480 3009 559 3075 xix
584 3009 714 3096 [runi

303 3131 359 3186 Ser.
380 3131 485 3186 Romae
503 3147 543 3186 eu.
563 3149 597 3186 m.
617 3132 689 3186 Noe.
709 3149 734 3185 a.
755 3135 811 3186 700
830 3135 898 3200 (54).

394 3253 539 3309 CICERO
556 3254 703 3309 ATTICO
722 3253 805 3308 SAL.

156 3363 182 3428 Ο
208 3367 408 3446 exspectatas
432 3363 513 3426 mihi
535 3367 609 3427 tues
633 3363 774 3426 litteren
798 3383 817 3425 o
842 3363 973 3446 gratum
996 3361 1145 3425 adven-1

61 3448 173 3516 utum!
197 3474 216 3516 o
240 3452 457 3517 constantiam
478 3452 632 3535 promissi
655 3454 687 3514 et
709 3450 806 3513 fidem
829 3449 958 3512 miram!
983 3449 1109 3512 enavi-
