2564 3880
241 121 502 178 EPISTULARUM
520 123 570 177 AD
589 123 754 179 ATTIGUM
771 125 836 179 XIII
854 132 956 182 4—6a.
1038 128 1103 192 397

82 287 105 332 a
128 263 266 331 Camillo
294 270 526 331 commutatam
553 287 623 331 esse
650 267 764 352 legem.
810 267 922 333 Pisoni
953 269 1032 353 quid
1054 275 1139 335 esta

83 354 174 438 quod
195 353 365 420 honestius
385 355 580 438 respondere
598 357 760 439 possimus
780 377 878 439 quam
897 356 1105 423 solitudinem

84 441 243 507 Catonis?
293 441 363 508 Nec
399 442 610 507 coheredibus
648 444 754 508 solum
790 443 1020 530 Herennianis,
1049 446 1105 510 sed

85 531 199 616 etiam,
226 533 264 594 ut
287 531 349 596 scis
373 527 426 617 (tu
449 531 535 595 enim
557 553 682 596 mecum
704 530 828 619 egisti),
858 533 896 596 de
918 553 1019 616 puero
1043 531 1106 598 Lu-

57 619 182 704 acnllo,
206 640 303 702 quam
325 619 494 702 pecuniam
516 623 608 683 tutor
630 616 720 706 (nam
742 619 805 684 hoc
828 643 957 705 quoque
978 622 1106 686 adrem

84 705 243 792 pertinet)
275 706 310 770 in
340 705 464 771 Achaia
495 712 685 790 sumpserat.
732 707 795 774 sed
822 710 891 793 agit
917 709 1106 794 liberaliter,

86 794 242 879 quoniam
262 799 362 880 negat
385 816 419 859 se
443 795 615 880 quicquam
638 797 800 861 facturum
824 801 937 861 contra
958 800 1106 862 nostram

85 883 295 948 voluntatem.
343 881 459 947 Ooram
490 883 607 968 igitur,
635 887 673 948 ut
702 885 831 971 scribis,
862 885 1107 972 constituemus,

87 992 184 1054 quem
214 971 254 1034 ad
276 971 408 1035 modum
431 993 499 1036 rem
523 972 726 1055 explicemus.
773 971 867 1048 Quod
889 973 1032 1057 reliquos
1055 995 1107 1038 co

42 1058 220 1127 roheredes
243 1059 432 1143 convenisti,
454 1059 550 1142 plane
572 1060 662 1124 bene.

156 1145 248 1222 Quod
284 1147 458 1230 epistulam
493 1169 597 1212 meam
634 1148 675 1211 ad
706 1147 847 1212 Brutum
882 1149 1005 1234 poscis,
1040 1166 1142 1214 nous

86 1234 192 1300 habeo
220 1234 289 1299 eius
317 1235 513 1318 exemplum,
541 1236 597 1299 sed
624 1239 734 1300 tamen
764 1236 889 1300 salvum
913 1242 976 1322 est,
1006 1241 1039 1302 et
1061 1238 1108 1302 ait

88 1323 166 1387 Tiro
198 1326 232 1387 te
262 1322 382 1387 habere
409 1326 573 1409 oportere,
606 1327 651 1406 et,
684 1327 721 1388 ut
748 1324 912 1409 recordor,
943 1347 1008 1391 una
1035 1348 1108 1391 cum

87 1411 178 1475 illius
222 1411 445 1496 obiurgatoris
491 1410 553 1475 tibi
594 1433 699 1474 meam
740 1433 882 1495 quoque,
926 1434 1024 1496 quam
1068 1414 1109 1478 ad

44 1527 73 1568 ιε
88 1499 421 1651 cumbrescripseram,
443 1498 526 1563 misi.
572 1496 720 1564 Iudiciali
741 1500 891 1564 molestia
914 1505 951 1566 ut
974 1518 1145 1588 caream,4

87 1588 162 1652 vide
185 1587 222 1652 is.

557 1760 640 1828 VIa.

231 1883 289 1939 Sor.
303 1885 336 1938 ἐκ
356 1883 514 1939 Tusculano
527 1883 604 1953 prid.
619 1884 694 1938 Noa.
710 1884 774 1939 Iwn.
790 1902 816 1939 a.
832 1888 888 1940 709
907 1886 977 1954 (45).

398 2006 544 2063 CICERO
562 2006 708 2063 ATTICO
727 2007 810 2062 SAL.

47 2145 75 2184 ao
155 2113 353 2179 Tuditanum
381 2115 495 2199 istum,
525 2138 682 2200 proavum
711 2115 883 2200 Hortensi,
914 2115 1011 2199 plane
1042 2137 1110 2180 non
1124 2133 1203 2185 (V14)

88 2224 204 2268 noram
231 2206 263 2268 et
289 2203 407 2288 filium,
435 2204 492 2287 qui
519 2208 591 2269 tum
613 2225 680 2268 non
702 2207 855 2287 potuerat
878 2225 948 2268 esse
970 2204 1108 2291 legatus,
1137 2283 1139 2290 Ι

89 2292 191 2356 fuisse
217 2295 374 2374 putaram.
421 2291 615 2356 Mummium
645 2292 746 2356 fuisse
768 2291 810 2356 ad
833 2289 1027 2356 Corinthum
1050 2314 1109 2376 pro

90 2384 179 2444 certo
203 2378 316 2444 habeo.
360 2378 462 2462 Saepe
481 2380 566 2444 enim
584 2379 637 2444 ln'c
657 2377 803 2465 Spurius,
818 2380 874 2464 qui
891 2401 995 2464 nuper
1014 2382 1109 2445 deces-

89 2469 147 2552 sit,
180 2467 335 2551 epistulas
364 2467 446 2531 mihi
473 2468 707 2551 pronuntiabat
734 2467 902 2532 versiculis
933 2469 1045 2533 facetis
1069 2468 1109 2532 ad

48 2555 259 2625 etfamiliaris
286 2555 402 2619 missas
432 2552 641 2620 aOorintho.
688 2555 751 2621 Sed
779 2577 847 2620 non
876 2555 1006 2641 dubito,
1031 2557 1112 2640 quin

88 2644 185 2708 fratri
206 2643 305 2707 fuerit
327 2643 464 2728 legatus,
486 2665 554 2707 non
575 2644 611 2706 in
633 2643 748 2708 decem.
795 2642 904 2728 Atque
927 2644 990 2709 hoc
1012 2646 1112 2709 etiam

89 2731 210 2816 accepi,
236 2752 304 2795 non
331 2732 445 2796 solitos
468 2731 606 2795 maiores
629 2736 761 2796 nostros
786 2753 842 2797 eos
865 2731 973 2817 legare
1001 2732 1037 2797 in
1060 2733 1112 2797 de·

90 2841 168 2904 cem,
191 2819 248 2903 qui
271 2824 379 2884 essent
401 2821 634 2903 imperatorum
656 2820 837 2906 necessarii,
861 2825 898 2884 ut
921 2842 982 2885 nos
1004 2821 1111 2906 ignari

88 2907 381 2992 pulcherrimorum
415 2908 644 2972 institutorum
673 2911 730 2972 aut
759 2907 969 2994 neglegentes
1000 2909 1110 2993 potius

50 3025 77 3065 ao
90 2996 134 3062 M.
158 2994 329 3060 Lucullum
362 3000 395 3060 et
425 2994 459 3060 L.
490 2995 658 3061 Murenam
690 3000 723 3060 et
758 3001 883 3061 ceteros
916 2997 955 3060 ad
987 2995 1023 3061 L.
1049 2995 1112 3060 Lu-

90 3083 213 3149 cullum
238 3083 395 3148 misimus.
441 3083 591 3169 IUudque
619 3085 864 3168 aeternitaten,
893 3084 988 3148 illurn
1017 3085 1111 3148 fratri

90 3173 125 3236 in
147 3171 263 3256 primis
287 3171 355 3236 cius
378 3172 494 3257 legatis
513 3173 621 3238 fuIsse.
664 3172 690 3238 Ο
708 3195 839 3257 operam
857 3175 948 3236 tuam
966 3171 1112 3256 multam,

91 3261 148 3344 qui
176 3259 311 3326 ethaeo
334 3281 426 3325 cures
450 3265 483 3325 et
505 3282 577 3327 mea
600 3261 749 3345 expedias
774 3264 807 3326 et
830 3261 875 3325 sis
898 3259 933 3324 in
955 3259 1023 3324 tuis
1045 3280 1112 3323 non

89 3349 194 3414 multo
218 3349 326 3414 minus
351 3349 490 3433 diligens
511 3371 608 3432 quam
631 3351 667 3414 in
689 3350 783 3415 meis!
