2564 3880
169 152 236 214 410
270 184 272 188 ·
492 151 530 204 Μ.
551 150 659 204 TULLI
678 149 868 205 CICERONIS

171 295 198 358 si
221 294 283 358 libi
302 293 473 376 videbitur,
496 293 634 358 millam.
673 293 758 370 Quid
776 298 886 358 autem
905 293 1096 376 dubitarim,
1121 315 1196 356 cum

169 383 279 446 videro
302 386 344 464 le,
369 383 457 446 scies.

134 490 151 535 4
236 470 427 534 Attribulos
446 469 532 554 quod
551 469 704 555 appellas,
721 469 813 533 valde
831 469 943 552 probo.
981 469 1028 532 Te
1046 470 1086 533 de
1104 491 1197 554 prae

171 559 224 622 dio
254 557 354 622 Oviae
386 559 525 622 exerceri
545 557 693 645 ¹moleste
726 559 803 621 fero.
858 556 908 621 De
942 557 1046 622 Bruto
1078 562 1195 622 nostro

169 647 390 729 perodiosum,
418 646 473 710 sed
500 647 568 710 vila
595 646 667 709 ferl.
713 645 866 710 Mulieres
895 649 1004 709 aulem
1032 647 1088 711 vix
1111 646 1195 709 salis
1222 671 1232 710 ε

169 735 318 817 humane,
342 756 423 817 quae
445 734 558 817 iniquo
578 733 686 797 animo
704 734 819 818 ferani,
842 755 916 797 cum
934 735 971 798 io
989 737 1129 817 utraque
1150 735 1195 798 of-

169 823 242 886 ficio
271 826 390 906 pareal.
437 821 581 886 Tullium
610 821 748 886 scribam
776 821 860 885 nihil
887 822 951 886 fuit
974 822 1063 906 quod
1086 823 1194 906 appel-

169 911 267 995 lares,
288 933 365 974 nam
386 910 450 973 tibi
473 910 684 993 mandassem,
709 911 737 973 si
760 911 884 974 fuisset.
921 909 1015 974 Nihil
1038 911 1126 974 enim
1146 915 1195 974 esl

170 998 255 1082 apud
280 1021 352 1063 eum
377 999 523 1082 posilum
541 999 672 1062 nomine
691 997 771 1082 voli,
794 998 849 1061 sed
868 1002 917 1062 est
937 998 1089 1081 quiddam
1108 999 1194 1081 apud
1263 1041 1264 1050 .

169 1088 263 1150 illum
290 1108 406 1150 meum.
443 1085 481 1150 Id
501 1107 560 1170 ego
580 1087 615 1150 in
632 1085 715 1150 hanc
733 1108 802 1150 rem
821 1087 922 1150 statui
941 1087 1093 1150 conferre.
1130 1085 1228 1150 Ita-10

171 1197 233 1258 que
257 1179 289 1238 el
313 1196 372 1259 ego
396 1179 482 1238 recle
506 1175 569 1238 libi
592 1175 668 1258 dixi,
691 1174 748 1238 ubi
772 1178 864 1258 esset,
887 1179 919 1238 el
942 1174 1005 1238 libi
1028 1175 1084 1238 illc
1106 1179 1192 1238 recle
1263 1167 1264 1238 l

170 1263 310 1347 negavit.
358 1262 420 1328 Sed
447 1261 510 1326 hoc
538 1284 667 1347 quoque
690 1263 797 1345 ipsum
821 1263 975 1327 continuo
999 1263 1189 1326 adoriamur.
1263 1245 1264 1294 l

171 1350 296 1415 Lucum
319 1350 507 1415 hominibus
530 1372 598 1414 non
619 1372 695 1414 sane
718 1351 830 1435 pr0b0,
854 1350 940 1436 quod
960 1355 1009 1414 esi
1029 1351 1190 1436 desertior,

171 1439 226 1502 sed
248 1438 347 1502 habet
370 1440 536 1521 εὐλογίαν.
573 1438 696 1502 Verum
719 1438 781 1503 hoc
805 1461 942 1524 quoque,
965 1444 1002 1503 ul
1021 1440 1187 1523 censueris,

172 1527 291 1611 quippe
324 1529 381 1610 qui
409 1527 525 1590 omnia.
571 1526 660 1611 Ego,
690 1531 728 1590 ut
756 1527 925 1612 constitui,
955 1527 1064 1611 adero,
1094 1531 1224 1611 atquem

171 1615 297 1680 utinam
320 1620 357 1679 lu
381 1637 509 1698 quoque
534 1614 645 1678 eodem
668 1615 732 1678 die!
766 1614 824 1680 Sin
843 1615 922 1698 quid
944 1613 1063 1702 (mulla
1082 1613 1185 1700 euim),

171 1705 285 1787 ulique
312 1703 477 1788 postridie.
524 1703 656 1766 Etenim
686 1702 896 1786 coheredes†
923 1726 941 1766 a
969 1704 1042 1786 quis
1067 1704 1185 1768 sinete
1263 1703 1264 1706 ’

172 1792 311 1876 opprimi
338 1791 458 1855 militia
489 1795 546 1854 est.
593 1789 716 1854 Alteris
740 1792 805 1854 iam
827 1791 947 1855 litteris
970 1792 1055 1855 nihil
1077 1793 1116 1856 ad
1137 1814 1185 1854 me
1263 1819 1264 1874 1

171 1883 207 1945 de
230 1879 348 1944 Attica.
395 1878 458 1944 Sed
486 1878 519 1941 id
548 1878 678 1962 quidem
701 1879 737 1942 in
759 1880 883 1962 optima
907 1902 963 1962 spe
986 1901 1087 1964 pono;
1110 1880 1185 1943 illud
1263 1895 1264 1928 1

171 1991 284 2033 accuso
307 1990 375 2032 non
396 1972 442 2052 le,
471 1968 526 2030 sed
548 1967 648 2052 illam,
675 1989 717 2030 ne
741 1967 877 2030 salutem
901 1968 1038 2051 quidem.
1085 1967 1129 2032 Al
1150 1972 1220 2031 iuro
1263 1957 1264 2016 ἶ

171 2061 203 2120 el
230 2057 280 2120 illi
308 2061 340 2120 el
362 2055 465 2119 Piliae
487 2054 676 2140 plurimam,
705 2076 764 2118 nec
786 2078 837 2119 me
860 2059 972 2120 lamen
993 2057 1089 2120 irasci
1111 2057 1185 2119 indi·

172 2145 263 2209 caris.
310 2144 496 2228 Epistulam
520 2141 668 2207 Caesaris
691 2144 776 2227 misi,
799 2144 827 2207 si
850 2144 957 2208 minus
980 2144 1122 2228 legisses.

621 2317 743 2383 XXIII.

320 2439 376 2494 Ser.
392 2442 423 2494 in
445 2441 602 2494 Tusculano
625 2440 671 2494 VI
684 2441 729 2493 Id.
746 2440 840 2510 Quint.
856 2458 881 2494 o.
898 2445 953 2495 709
973 2444 1042 2509 (45).

476 2562 622 2617 CICERO
639 2563 786 2617 ATTICO
805 2563 888 2618 SAL.

137 2689 150 2735 1
238 2669 511 2735 Antemeridianis
542 2671 608 2734 luis
637 2670 757 2734 litteris
787 2672 858 2735 heri
886 2672 999 2736 statim
1026 2675 1186 2760 rescripsi3
1263 2729 1264 2740 .

170 2780 256 2822 nunc
290 2759 468 2842 respondeo
498 2759 700 2843 vespertinis.
749 2759 872 2823 Brutus
901 2762 1032 2824 mallem
1063 2783 1114 2826 me
1143 2786 1187 2826 ar-

172 2850 318 2910 cesserel.
364 2847 410 2910 Ec
440 2847 574 2930 aequius
605 2851 687 2930 erat,
720 2868 793 2910 cum
825 2848 875 2911 illi
905 2849 968 2912 iter
998 2849 1135 2914 instaret
1157 2856 1187 2914 el

172 2934 317 2998 subitum
341 2938 373 2998 el
396 2934 540 3018 longum,
564 2939 596 2998 el
614 2935 795 2999 mehercule
813 2957 908 3020 nunc,
931 2958 1003 3000 cum
1022 2937 1070 3001 ila
1089 2940 1186 3003 simus
1263 2931 1264 3014 J

171 3022 298 3109 adfecti,
321 3027 358 3086 ul
380 3044 447 3088 non
469 3023 633 3105 possimus
656 3024 751 3106 plane
770 3024 867 3088 simul
884 3024 991 3088 vivere
1011 3023 1186 3112 (intellegis
1199 3051 1219 3090 u
1263 3015 1264 3088 l

171 3111 257 3175 enim
285 3111 443 3196 profecto,
472 3110 508 3174 in
532 3132 595 3193 quo
619 3112 759 3174 maxime
782 3113 890 3196 posita
914 3113 957 3176 sil
981 3114 1178 3202 συμβίωσις)

170 3199 263 3263 facile
293 3198 439 3282 patiebar
468 3220 529 3262 nos
558 3198 668 3280 polius
695 3197 818 3264 Romae
846 3222 910 3264 una
941 3221 1010 3266 esse
1035 3169 1188 3286 quamiri

171 3287 362 3350 Tusculano.

136 3391 150 3436 2
238 3373 330 3438 Libri
362 3373 401 3437 ad
430 3372 612 3436 Varronem
641 3395 709 3436 non
737 3376 962 3460 morabantur,
996 3382 1073 3440 sunl
1103 3380 1184 3442 enim

172 3458 303 3545 delexti,
331 3466 369 3524 ul
392 3460 517 3546 vidisli3
549 3463 677 3523 lantum
701 3460 909 3527 librariorum
932 3465 1047 3528 menda
1070 3465 1184 3530 110111111-
1197 3491 1219 3530 ss

1197 2485 1264 2560 25}
