2616 3884
352 962 410 1044 M.
438 960 629 1044 TULLI
659 958 999 1043 CICERONIS

296 1120 680 1195 EPISTULARUM
712 1119 781 1192 AD
814 1117 1057 1192 ATTICUM

496 1274 628 1340 LIBER
653 1273 862 1340 OCTAVUS.

663 1556 687 1620 I.

342 1680 399 1736 Ser.
418 1679 542 1734 Formiis
560 1678 640 1732 XIV
655 1677 692 1731 K.
713 1677 801 1732 Mart.
820 1694 846 1732 a.
867 1677 922 1732 705
941 1679 1010 1745 (49).
1211 1687 1224 1726 5
1294 1735 1295 1758 ἶ

491 1799 618 1857 CICERO
637 1799 768 1854 ATTICO
788 1798 862 1854 SAL.

137 1929 151 1977 1
240 1911 322 1978 Cum
341 1911 382 1976 ad
402 1915 436 1975 tc
453 1910 579 1975 litteras
599 1909 765 1993 dedissem,
787 1907 928 1972 redditae
953 1905 1035 1971 mihi
1052 1906 1181 1970 litterae

173 2004 250 2066 sunt
277 2023 296 2064 a
322 1999 484 2083 Pompeio.
530 1996 645 2063 Cetera
671 1997 710 2060 de
736 1996 832 2062 rebus
863 1996 900 2059 in
925 1995 1042 2060 Piceno
1071 1995 1181 2080 gestis,
1294 2005 1295 2020 ³

174 2110 255 2172 quae
285 2087 324 2151 ad
354 2109 388 2152 se
413 2086 577 2152 Vibullius
608 2085 804 2170 scripsisset,
832 2083 871 2148 de
900 2083 1019 2147 dilectu
1047 2081 1181 2168 Domiti,

174 2196 255 2259 quae
279 2178 355 2238 sunt
377 2175 470 2240 vobis
497 2177 575 2238 nota
601 2194 661 2237 nec
687 2177 796 2236 tamen
820 2174 890 2236 tam
915 2171 1001 2236 laeta
1028 2174 1120 2236 erant
1146 2170 1182 2235 in
1195 2197 1225 2236 10

53 2272 55 2280 '
173 2263 214 2326 iis
237 2262 365 2347 littoris,
389 2283 486 2347 quam
509 2262 548 2325 ad
571 2282 621 2325 me
639 2261 834 2325 Philotimus
858 2260 1036 2344 scripserat.
1073 2259 1182 2343 Ipsam
1294 2283 1295 2372 q

173 2350 236 2415 tibi
263 2350 435 2433 epistulam
461 2350 634 2435 misissem,
662 2349 717 2413 sed
743 2349 808 2414 iam
837 2348 946 2413 subito
968 2347 1078 2412 fratris
1101 2369 1182 2431 puer
1294 2377 1295 2426 p

174 2438 442 2522 proficiscebatur.
489 2437 567 2502 Cras
590 2438 692 2522 igitur
714 2437 851 2501 mittam.
893 2435 956 2502 sed
977 2435 1013 2500 iu
1035 2457 1071 2500 ea
1088 2435 1182 2500 Pom·

173 2527 225 2610 pei
249 2527 386 2609 epistula
409 2531 477 2591 erat
499 2527 535 2590 in
558 2531 699 2590 extremo
721 2525 823 2608 ipsius
845 2547 956 2589 manu:
981 2524 1046 2588 ‘Tu
1068 2544 1181 2589 censeo
1294 2527 1295 2532 ’

173 2612 340 2678 Luceriam
366 2615 484 2679 venias.
529 2613 699 2699 Nusquam
731 2613 793 2678 eris
824 2612 948 2678 tutius'
992 2610 1030 2678 Id
1059 2632 1119 2696 ego
1146 2612 1182 2676 in
1197 2636 1225 2678 1⁵
1294 2695 1295 2698 Ἴ

174 2724 245 2767 eam
272 2704 396 2786 partem
425 2701 546 2786 accepi,
574 2703 653 2768 haec
676 2702 793 2786 oppida
821 2705 917 2785 atque
945 2723 1033 2765 oram
1060 2700 1183 2764 mariti·
1294 2705 1295 2756 ἲ

173 2812 259 2854 mam
290 2789 384 2854 illum
418 2812 476 2874 pro
510 2791 660 2856 derelicto
691 2791 823 2874 habere,
855 2811 912 2854 neo
943 2812 1014 2855 sum
1045 2787 1183 2852 miratus
1294 2785 1295 2792 '

175 2900 261 2963 eum,
291 2877 347 2962 qui
377 2881 473 2961 caput
502 2878 610 2962 ipsum
638 2879 836 2963 reliquisset,
865 2877 999 2963 reliquis
1028 2876 1183 2941 membris
1294 2905 1295 2952 q

139 2984 240 3030 anon
262 2987 398 3049 parcere.
443 2965 486 3030 Ei
510 2967 621 3030 statim
644 2966 793 3051 rescripsi
814 2965 1040 3049 hominemque
1059 2968 1184 3030 certum
1294 2983 1295 3022 l

173 3054 249 3118 misi
263 3055 301 3118 de
315 3053 488 3118 comitibus
506 3055 595 3140 meis,
611 3076 679 3119 non
696 3076 744 3120 me
763 3075 923 3140 quaerere,
941 3053 998 3118 ubi
1016 3053 1183 3118 tutissimo
1199 3079 1227 3118 so

175 3163 285 3207 essem.
323 3139 359 3206 si
381 3164 431 3207 ma
453 3142 551 3207 vellet
575 3164 632 3207 sua
655 3147 710 3207 aut
732 3143 946 3226 reipublicae
969 3163 1064 3206 causa
1085 3140 1185 3206 Luce-

175 3231 256 3296 riam
278 3230 402 3316 venire,
429 3230 541 3294 statim
563 3251 632 3295 esse
654 3235 839 3316 venturum3
865 3230 1078 3314 hortatusque
1102 3252 1186 3316 sum,

175 3323 212 3382 ut
242 3341 332 3384 oram
361 3318 557 3382 marItimam
588 3317 753 3404 retineret,
786 3319 813 3383 si
845 3341 913 3383 rem
942 3318 1187 3383 frumentariam

176 3406 239 3470 sibi
262 3429 301 3471 ex
323 3405 497 3490 provinciis
522 3405 719 3488 suppeditari
741 3406 845 3470 vellet.
891 3405 963 3471 Hoc
989 3429 1039 3470 me
1061 3406 1187 3470 frustra

176 3495 314 3559 scribere
337 3494 497 3578 videbam,
525 3493 581 3556 sed
608 3492 657 3556 uti
684 3492 720 3555 in
747 3493 826 3557 urbe
849 3494 1015 3558 retinenda
1038 3496 1114 3557 tunc
1138 3495 1233 3559 sicas
