2616 3884
300 153 559 208 EPISTULARUM
577 154 626 206 AD
646 153 811 208 ATTIOUM
828 153 868 207 IX
888 160 1000 209 11-12.
1089 155 1155 218 279

129 300 261 382 partem
290 297 386 381 attigi
413 297 615 380 iudicavique
644 319 681 362 eo
710 298 796 362 bello
827 301 860 361 te
882 297 1011 383 violari,
1043 302 1156 363 contra

130 385 226 450 cuius
249 385 407 449 honorem
429 387 542 469 populi
561 385 700 450 Romani
718 387 873 450 beneficio
892 407 1077 450 concessum
1096 387 1155 450 ini-

131 474 211 537 mici
235 477 333 557 atque
355 474 457 537 invidi
478 475 529 537 nit
515 477 620 538 tteren
621 497 668 538 ur
707 474 778 559 Sed
800 478 838 537 ut
861 496 898 538 eo
921 479 1066 557 tempore
1088 496 1156 538 non

133 562 266 626 modo
256 583 326 644 rpse
348 563 457 626 fautor
481 561 631 646 dignitat'
622 585 650 626 1s
674 567 749 626 tuae
769 526 829 646 lui,
852 584 963 626 verum
986 562 1084 626 etiam
1107 585 1155 626 ce-

98 651 214 714 steris
243 653 355 714 auctor
383 650 464 714 adt
450 653 482 714 te
511 651 740 734 adiuvandum,
768 650 814 714 sic
840 673 892 714 me
913 672 1000 714 nunc
1021 650 1154 734 Pompei

134 739 242 824 dignit
244 761 279 802 as
307 738 476 802 vehement
462 742 512 802 ter
539 743 655 803 movet.
701 703 838 822 Aliquot
862 739 948 802 enim
971 743 1046 803 sunt
1070 740 1155 825 anni,

135 848 209 891 oum
231 849 291 891 vos
314 827 377 891 duo
401 827 514 913 delegi,
539 849 620 928 quos
638 828 807 928 praecipue
827 828 965 891 colerem
984 831 1016 891 et
1035 828 1153 911 quibus

136 937 252 998 essem,
285 916 369 979 sicut
397 937 482 998 sum,
515 916 736 980 amicissimus.
784 915 887 991 Quam
915 916 957 980 ob
984 937 1053 980 rem
1081 939 1099 980 a
1122 921 1189 981 tes

134 1007 212 1088 peto
240 1005 292 1068 vel
319 1004 429 1086 potius
460 1005 610 1068 omnibus
634 1007 666 1068 te
689 1004 837 1087 precibus
862 1026 918 1068 oro
942 1007 975 1067 et
998 1004 1154 1090 obtestor,

83 1117 118 1157 ro
134 1096 173 1156 ut
203 1093 239 1156 in
268 1092 334 1155 tuis
361 1093 511 1156 maximis
540 1093 625 1156 curis
654 1093 777 1176 aliquid
804 1093 971 1176 impertias
998 1096 1154 1177 temporis

134 1180 212 1244 huic
241 1202 368 1264 quoque
396 1181 601 1264 cogitationi,
629 1185 666 1244 ut
693 1184 751 1244 tuo
766 1181 933 1246 beneficio
962 1181 1067 1246 bonus
1096 1183 1156 1268 vir,

134 1273 260 1355 gratus,
282 1269 355 1351 pius
379 1268 515 1352 denique
539 1290 608 1333 esse
631 1269 666 1333 in
683 1269 816 1333 maximi
834 1269 982 1334 beneficii
999 1271 1155 1335 memoria

134 1357 268 1440 possim.
322 1356 409 1432 Quae
442 1357 470 1420 si
502 1361 631 1421 tantum
661 1357 701 1421 ad
732 1379 784 1421 me
810 1357 918 1440 ipsum
947 1358 1155 1446 pertinerent,

135 1467 300 1528 sperarem
322 1467 374 1508 me
397 1467 415 1508 a
438 1449 471 1508 te
493 1449 603 1509 tamen
625 1447 886 1529 impetraturum,
916 1447 985 1530 sed,
1011 1451 1050 1511 ut
1073 1448 1155 1512 arbi·

82 1555 117 1596 15
133 1537 219 1616 tror,
248 1537 281 1596 et
311 1533 352 1596 ad
381 1537 471 1597 tuam
498 1532 593 1597 fidem
618 1538 650 1597 et
674 1534 715 1596 ad
737 1555 805 1597 rem
828 1534 991 1617 publicam
1014 1535 1155 1617 pertinet

133 1644 187 1686 me
207 1626 239 1685 et
258 1621 345 1704 pacis
365 1625 398 1684 et
416 1621 586 1704 utriusque
600 1625 746 1686 vestrum
763 1623 900 1686 amicum
918 1623 1004 1686 etad
1020 1628 1155 1687 cestram

100 1779 104 1784 ,
133 1714 169 1774 et
192 1709 233 1774 ad
256 1710 375 1773 civium
398 1710 602 1774 concordiam
620 1732 677 1793 per
696 1713 728 1773 te
748 1732 845 1793 quam
864 1710 1155 1774 accommodatissi-

133 1821 225 1862 mum
248 1797 438 1862 conservari.
475 1799 559 1883 Ego,
582 1821 655 1862 cum
676 1801 770 1862 antea
788 1797 851 1861 tibi
869 1799 907 1861 de
926 1797 1064 1862 Lentulo
1084 1819 1155 1882 gra-

133 1888 199 1950 tias
230 1887 382 1972 egissem,
410 1907 483 1950 cum
507 1887 536 1949 ei
559 1886 671 1971 saluti,
701 1886 757 1969 qui
780 1885 861 1949 mihi
884 1886 1002 1971 fuerat,
1029 1886 1154 1972 fuisses,

85 2000 119 2041 2⁰
133 1980 245 2040 tamen
264 1975 356 2039 lectis
376 1975 445 2038 eius
462 1975 593 2060 litteris,
612 1995 692 2058 quas
712 1974 751 2038 ad
770 1995 822 2037 me
840 1974 1027 2058 gratissimo
1047 1975 1154 2039 animo

134 2065 175 2128 de
202 2067 260 2127 tua
287 2063 484 2127 liberalitate
452 2063 731 2146 tbeneficioque
754 2062 860 2147 misit,
889 2062 1021 2126 eandem
1043 2063 1089 2126 mi
1112 2065 1155 2127 oi-

133 2153 208 2218 dcor
241 2151 379 2215 salutem
407 2174 426 2215 a
453 2155 486 2214 te
515 2151 675 2234 accepisse
704 2173 801 2234 quam
831 2115 895 2215 ille
945 2149 986 2214 In
1008 2173 1103 2234 quem
1127 2152 1155 2215 si

132 2262 187 2306 mc
210 2239 372 2324 intellegis
396 2261 465 2303 esse
489 2244 633 2324 gratum,
660 2260 746 2324 cura,
773 2239 917 2325 obsecro,
938 2242 977 2302 ut
1000 2239 1130 2304 etiam'
1122 2263 1157 2304 ιιι

132 2329 327 2412 Pompeium
357 2349 427 2392 esse
450 2327 582 2411 possim.

86 2529 117 2570 25
613 2502 684 2567 ΧΠ.

288 2625 343 2680 Ser.
358 2625 391 2680 irc
410 2623 562 2678 Formiano
582 2625 668 2677 ΧΙΠ
683 2624 719 2676 K.
735 2623 804 2692 Apr.
820 2641 846 2677 a.
863 2627 918 2678 705
938 2628 1007 2693 (49).

442 2747 588 2802 CICERO
605 2746 753 2801 ATTICO
771 2745 853 2810 SAL„

204 2859 362 2943 Legeram
388 2861 462 2920 tuas
489 2855 545 2920 litt
531 2860 616 2920 teras
640 2872 704 2919 xm
726 2853 780 2938 K,
811 2877 884 2918 cum
911 2856 991 2919 mihi
1016 2856 1123 2940 epistu
1104 2857 1190 2920 ular

137 2950 283 3014 adfertur
306 2969 325 3010 a
347 2945 450 3028 Lepta
473 2943 692 3007 circumvallat
660 2947 747 3006 atum
773 2965 842 3006 esse
860 2943 1058 3030 Pompeium,
1081 2946 1156 3008 rati-

91 3061 122 3102 cc
136 3038 200 3101 bus
232 3035 330 3098 etiarn
360 3033 465 3097 exitus
497 3035 654 3114 portust
656 3032 751 3096 eueri.
803 3029 880 3095 Non
907 3032 1031 3096 medius
1059 3031 1155 3096 fidius

136 3147 215 3210 prae
237 3121 379 3188 lacrimis
398 3142 531 3205 possum
550 3120 675 3203 reliqua
692 3141 751 3183 nec
770 3120 912 3204 cogitare
930 3142 989 3183 nec
1008 3119 1155 3184 scribere

136 3213 216 3278 Misi
243 3212 284 3275 ad
310 3214 344 3274 te
371 3209 561 3292 exemplum.
607 3207 744 3272 Miseros
771 3210 844 3271 nos!
878 3229 934 3272 cur
955 3229 1022 3272 non
1046 3229 1155 3271 omnes

136 3302 242 3366 fatum
264 3299 353 3363 illius
375 3320 440 3362 una
463 3299 604 3361 exsecutr
578 3296 755 3360 tisurnus‘?
788 3295 946 3360 Eccetaut
947 3318 997 3358 em
1016 3317 1034 3358 a
1053 3293 1154 3358 Metro

138 3387 330 3454 ettTreba
321 3409 354 3450 ro
384 3386 508 3470 eadem,
540 3384 660 3468 quibus
686 3383 778 3448 Ment
764 3384 868 3447 turnis
899 3384 986 3446 obvii
1010 3380 1154 3446 Caesaris

95 3501 123 3547 at
137 3476 308 3542 tabellarii
356 3475 522 3557 Torqueor
551 3473 679 3557 infelix,
705 3472 830 3535 utiam
854 3471 946 3534 illum
969 3469 1155 3532 Mucianum
