2564 3880
292 205 550 262 EPISTULARUM
567 207 618 260 Al)
637 205 801 262 ATTIOUM
820 207 871 262 XV
890 215 915 275 4,
934 213 981 262 la.
1072 205 1140 269 469

118 350 234 434 Egone
256 353 294 414 ut
318 371 389 413 eam
411 371 550 435 oausam,
573 373 670 434 quam
693 351 722 414 is
746 349 897 432 scripsit?
921 369 981 433 ego
1001 349 1140 414 scribam

117 459 186 502 non
208 441 343 522 rogatus
367 438 408 502 ab
433 439 493 502 eo?
537 438 638 504 Nulla
661 442 914 522 παρεγχείρησις
936 437 1007 501 fieri
1030 440 1140 520 potest

119 526 394 591 contumeliosior.
441 525 519 610 ‘At’,
546 527 668 610 inquis,
693 527 958 611 Ἥρακλείὸειον
987 524 1139 608 aliquod?

118 613 197 679 Non
224 635 336 678 recuso
368 613 402 678 id
435 614 579 700 quidem,
612 614 667 679 sed
700 618 732 678 11
763 613 1018 696 componendum
1046 633 1139 696 argu-

91 706 266 768 amentum
298 705 348 766 est
385 705 417 766 11
447 703 605 766 scribendi
637 703 887 786 exspectandum
916 705 1044 783 tempus
1074 723 1139 764 ma-

119 792 234 854 turius.
280 790 371 854 Licet
394 791 479 854 enim
502 790 541 855 de
562 812 627 875 me,
654 794 692 854 ut
714 790 809 875 libet,
836 789 1001 853 existimes
1026 787 1139 874 (velim

120 879 250 962 quidem
275 901 371 962 quam
395 877 544 964 optime),
572 879 600 943 si
622 878 701 942 haec
723 879 771 942 ita
793 883 941 960 manant,
970 881 1008 940 ut
1032 876 1139 940 vidon-

118 970 175 1030 tur
202 965 314 1054 (feres,
341 966 427 1049 quod
451 963 583 1053 dicam),
605 988 657 1030 me
683 965 760 1030 Idus
788 965 925 1030 Martiae
952 985 1019 1028 non
1041 963 1140 1027 deleo·

118 1058 200 1118 tant.
246 1052 306 1118 Ille
329 1055 414 1118 enim
441 1076 619 1138 numquam
642 1055 841 1138 revertisset,
863 1075 923 1116 nos
946 1053 1046 1116 timor
1068 1073 1140 1115 con-

78 1170 105 1208 11
119 1143 249 1206 firmare
272 1142 340 1206 eius
363 1146 434 1206 acta
455 1164 522 1206 non
541 1142 707 1228 coe‘gisset,
729 1145 795 1226 aut,
818 1146 855 1205 ut
878 1141 913 1204 in
936 1139 1046 1205 Saufei
1069 1161 1140 1202 eam

119 1230 364 1314 relinquamque
400 1230 597 1294 Tusculanas
633 1231 883 1315 disputationes,
920 1228 959 1293 ad
992 1249 1071 1312 quas
1103 1231 1141 1291 tu

121 1319 219 1382 etiam
246 1317 434 1383 Vestorium
466 1318 622 1403 hortaris,
652 1319 700 1382 ita
732 1317 869 1402 gratiosi
902 1339 1028 1381 eramus
1056 1315 1140 1398 apud

119 1406 227 1492 illum,
255 1427 347 1490 quem
373 1406 406 1469 di
432 1411 597 1470 mortuum
624 1407 789 1488 perduint!
818 1409 855 1469 ut
877 1408 1009 1468 nostrae
1032 1404 1141 1488 aetati,

121 1495 274 1577 quoniam
314 1495 483 1558 interfecto
519 1495 649 1558 domino
679 1493 775 1557 liberi
811 1515 878 1557 non
912 1514 1037 1576 sumus,
1073 1513 1141 1554 non

79 1583 219 1648 11111111
243 1582 392 1646 dominus
415 1583 470 1645 ille
488 1582 668 1666 fugiendus.
714 1581 839 1666 Rubeo,
861 1580 1060 1664 mihicrede,
1085 1579 1140 1643 sed

119 1671 185 1734 iam
209 1670 413 1754 scripseram3
436 1670 541 1734 delere
563 1670 662 1734 nolui.

70 1841 72 1844 Ι
186 1757 236 1822 De
272 1757 459 1822 Menedemo
496 1759 611 1822 vellem
647 1780 759 1822 verum
790 1758 920 1841 fuisset,
958 1757 996 1821 de
1028 1757 1177 1841 reginas

119 1846 217 1910 velim
240 1867 353 1909 verum
377 1846 428 1910 sit.
475 1844 589 1910 Cetera
617 1868 738 1931 coram,
766 1849 798 1909 11
821 1845 960 1909 maxime
983 1845 1062 1928 quid
1084 1866 1140 1908 no-

121 1934 200 1998 stris
232 1933 413 1998 faciendum
446 1934 502 2018 sit,
535 1933 613 2017 quid
642 1935 741 1998 etiam
772 1935 882 2018 nobis,
920 1933 947 1997 si
976 1932 1141 1996 Antonius

80 2049 106 2088 ao
119 2022 282 2086 militibus
307 2023 496 2086 obsessurus
520 2026 570 2085 est
594 2025 749 2085 senatum.
795 2021 888 2085 Hanc
916 2020 1089 2104 epistulam
1113 2021 1141 2084 si

119 2110 209 2174 illius
242 2110 411 2174 tabellario
445 2109 616 2193 dedissem,
647 2110 770 2173 veritus
802 2131 888 2192 sum,
919 2131 960 2173 ne
993 2109 1140 2172 solveret.

118 2197 235 2281 Itaque
258 2197 331 2261 misi
355 2198 470 2261 dedita.
517 2197 599 2261 Erat
623 2197 709 2261 enim
732 2196 972 2261 rescribendum
995 2195 1069 2260 tuis.

592 2336 671 2402 IVa.

282 2440 385 2496 81111
405 2441 563 2495 Tusculano
586 2439 633 2494 VI
647 2439 684 2494 K.
699 2441 764 2494 Ina.
784 2458 810 2494 1,
826 2443 881 2494 710
901 2443 970 2508 (44).

77 2540 104 2580 ss
426 2528 572 2582 CICERO
590 2527 736 2582 ATTIco
754 2527 837 2583 SAL.

189 2635 292 2710 Quam
306 2635 421 2699 vellem
435 2635 539 2700 Bruto
559 2636 702 2700 studium
721 2639 814 2699 tuum
833 2657 950 2700 navare
964 2635 1139 2718 potuisses!
1150 2651 1182 2703 (⁵)

119 2724 194 2808 Ego
218 2723 320 2808 igitur
335 2722 384 2786 -ad
407 2745 479 2787 eum
502 2724 637 2788 litteras.
685 2723 738 2788 Ad
760 2723 965 2787 Dolabellam
990 2723 1141 2788 Tironem

120 2811 196 2875 misi
219 2833 291 2875 cum
314 2811 474 2876 mandatis
500 2816 532 2876 et
558 2811 687 2876 litteris.
724 2811 810 2875 Eum
830 2812 871 2874 ad
892 2815 926 2875 te
946 2811 1076 2877 vocabis
1099 2814 1141 2896 ot,

121 2900 150 2963 si
183 2899 262 2983 quid
293 2899 439 2985 habebis,
466 2900 551 2984 quod
581 2900 719 2983 placeat,
748 2899 875 2964 scribes.
922 2899 1005 2964 Ecce
1033 2902 1141 2963 autem

78 3016 106 3056 ao
120 2987 160 3054 de
178 2991 323 3051 traverso
342 2987 378 3051 L.
398 2985 515 3052 Cacsar
533 2992 571 3052 ut
589 2987 716 3052 veniam
740 2987 779 3050 ad
798 3009 832 3050 se
850 2992 945 3072 rogat
963 2988 998 3050 in
1016 2985 1141 3050 Nemus

121 3079 178 3139 aut
202 3075 349 3158 scribam,
373 3097 436 3158 quo
461 3098 494 3140 se
518 3077 626 3141 venire
645 3075 756 3159 velim3
779 3074 883 3139 Bruto
907 3075 992 3138 enim
1016 3074 1142 3156 placere

121 3185 156 3228 se
179 3186 198 3226 a
220 3185 272 3227 me
291 3163 463 3227 conveniri.
511 3163 538 3228 Ο
557 3186 625 3227 rem
645 3164 789 3227 odiosam
813 3167 845 3226 et
868 3162 1141 3246 inexplicabilem!

119 3251 204 3316 Puto
228 3273 279 3316 1111
303 3273 380 3336 ergo
403 3252 527 3315 iturum
556 3255 588 3315 et
610 3251 685 3315 inde
708 3251 859 3336 Romam,
886 3250 950 3314 nisi
973 3249 1051 3333 quid
1073 3271 1142 3313 mu-

120 3344 201 3404 taro.
240 3337 433 3404 summatim
453 3339 555 3402 adhuc
579 3339 618 3403 ad
637 3343 683 3424 11,
705 3339 865 3403 nihildum
884 3339 969 3402 enim
989 3359 1008 3402 a
1026 3337 1140 3401 Balbo.

78 3454 105 3496 11
120 3427 206 3492 Tuas
234 3427 336 3512 igitur
366 3431 517 3510 exspecto
543 3448 603 3491 nec
635 3433 780 3492 actorum
809 3429 928 3511 solum,
961 3426 1015 3490 sed
1043 3426 1143 3490 etiam

119 3517 313 3580 futurorum.
