2616 3884
202 149 269 215 272
525 150 563 204 Μ.
583 149 690 204 TULLI
709 148 898 204 CICERONIS

165 310 185 358 4
271 289 342 376 Sed,
361 296 482 376 quanta
496 296 672 376 tempestas
690 292 882 378 impendeat,
901 293 999 358 vides.
1038 293 1100 369 Qui
1119 298 1228 358 trans·

204 381 301 444 ierint
329 385 508 465 senatores,
536 381 675 446 scribam
703 380 744 444 ad
770 386 816 466 te,
840 403 914 446 eum
936 385 1061 446 certum
1084 382 1226 449 habebo.

203 467 310 533 Dare
332 468 544 533 frumentaria
570 472 657 532 recte
686 468 863 556 intellegis,
893 491 975 554 quae
1005 470 1096 535 nullo
1125 471 1227 536 modo

204 556 422 621 administrari
450 558 519 621 sine
541 557 756 640 vectigalibus
786 561 908 644 potest,
937 579 997 622 nec
1027 559 1096 622 sine
1127 580 1228 624 eausa

203 650 236 709 at
259 666 328 731 eos,
357 645 413 729 qui
436 645 557 708 circum
585 644 678 708 illum
707 649 795 730 sunt,
826 646 934 710 omnia
961 646 1166 730 postulantes
1192 652 1227 711 et
1254 674 1263 711 a

203 733 326 798 bellum
347 733 507 797 nefarium
529 733 634 798 timer.
680 732 868 798 Trebatium
895 738 1058 820 nostrum,
1086 735 1164 819 etsi,
1186 740 1228 798 ut

202 821 330 904 acribia,
359 819 443 885 nihil
471 820 552 886 benc
582 824 703 906 sperat,
734 825 843 886 tamen
871 821 979 886 videre
1009 844 1085 886 sane
1114 823 1227 888 velim.

202 909 306 984 Quem
332 909 383 973 iac
412 908 565 993 horteris,
593 913 630 973 ut
657 913 822 994 properet3
857 915 1038 994 opportune
1068 911 1156 976 enim
1185 912 1229 976 ad

204 1019 255 1061 me
295 999 370 1060 aute
409 996 582 1061 adventum
617 995 764 1062 (laeseris
793 997 925 1063 venerit.
971 999 1021 1064 De
1043 999 1229 1082 Lanuvino²

203 1085 317 1149 statim
339 1087 377 1147 ut
401 1085 509 1149 audivi
532 1085 706 1150 Phameam
728 1091 902 1171 mortuum,
926 1087 1049 1170 optavi,
1073 1087 1103 1150 si
1125 1089 1228 1152 modo
1243 1113 1266 1151 ιο

203 1175 288 1236 esset
311 1173 421 1236 futura
443 1195 495 1238 res
518 1173 656 1258 publica,
678 1178 716 1239 ut
738 1174 773 1238 id
791 1174 909 1258 aliquis
928 1179 1047 1238 emeret
1066 1197 1228 1260 meorum,

203 1281 307 1344 neque
336 1263 446 1326 tamen
476 1260 514 1326 de
543 1265 590 1348 te,
621 1263 677 1346 qui
706 1262 844 1326 maxime
873 1284 964 1326 meus
994 1283 1037 1347 cs,
1071 1264 1227 1348 cogitavi.

204 1345 351 1414 Sciebam
379 1349 465 1413 enim
491 1353 525 1414 te
552 1350 670 1433 ‘quoto
698 1351 799 1415 auno'
827 1354 860 1414 et
883 1351 1057 1434 ‘quantum
1080 1353 1115 1416 in
1140 1352 1228 1417 solo’

203 1437 309 1502 solere
332 1459 484 1520 quaerere
510 1459 615 1522 neque
644 1438 750 1503 solum
776 1437 913 1524 Romae,
943 1439 998 1504 sed
1028 1440 1125 1504 etiam
1148 1438 1229 1504 Deli

203 1529 298 1590 tuum
333 1525 496 1611 digamma
530 1526 681 1591 videram.
733 1526 855 1591 Verum
891 1531 1001 1593 tamen
1037 1548 1098 1612 ego
1132 1528 1228 1612 illud,
1243 1553 1266 1594 15

205 1635 400 1698 quamquam
423 1618 473 1678 est
494 1614 629 1700 bellum,
659 1615 795 1680 minoris
823 1615 972 1699 aestimo,
1002 1637 1100 1699 quam
1128 1619 1229 1682 aesti-

203 1703 354 1767 mabatur
377 1701 565 1767 Marcellino
593 1702 737 1790 consule,
769 1725 842 1767 cum
869 1724 929 1788 ego
959 1701 1041 1768 istos
1070 1705 1228 1770 hortulos
1295 1695 1296 1774 t

204 1790 1228 1946 mffifflfflfflm

205 1967 233 2030 si
265 1966 483 2030 Tusculanum
514 1901 703 2031 rifecissem.
749 1966 850 2031 Volui
881 1967 946 2034 HS.
979 1904 1015 2044 tl„
1065 1903 1146 2054 Ε’ςί(1
1164 1992 1227 2054 per
1241 1995 1264 2035 ro
1295 1989 1296 2052 l

203 2054 383 2138 †predum,
406 2053 461 2117 ille
485 2053 576 2118 daret
597 2055 691 2139 tanti,
715 2077 814 2139 quom
835 2055 970 2120 haberet
991 2057 1112 2122 venale.
1155 2055 1227 2122 No·
1295 2055 1296 2136 ἦ

203 2143 275 2207 luit.
313 2140 375 2205 Sed
404 2163 489 2206 nunc
520 2143 628 2206 omnia
654 2142 719 2206 ista
746 2143 849 2208 iacere
871 2148 952 2228 puto
974 2148 1108 2228 propter
1130 2167 1227 2211 num-

203 2251 331 2294 morum
354 2229 528 2294 caritatem.
574 2230 658 2294 Mihi
688 2231 817 2314 quidem
847 2233 908 2296 erit
937 2233 1143 2317 aptissimum
1170 2235 1227 2299 vel

202 2317 298 2382 nobis
328 2317 451 2403 potius,
482 2319 511 2382 si
540 2322 577 2383 tu
607 2320 735 2403 emeris3
767 2320 822 2384 sed
847 2319 989 2383 eiusdem
1007 2317 1125 2384 Antias
1146 2343 1226 2388 cave
1295 2365 1296 2408 3

204 2409 398 2470 contemnas.
425 2403 528 2470 Valde
547 2409 595 2470 est
614 2411 795 2472 venustum.
833 2408 1034 2494 Quamquam
1055 2408 1138 2474 mihi
1157 2410 1226 2476 ista
1240 2435 1263 2476 aa
1295 2447 1296 2490 5

204 2494 312 2558 omnia
335 2493 400 2557 iam
424 2494 550 2558 addicta
572 2496 721 2559 vastitati
744 2496 902 2562 ridentur.
1295 2523 1296 2528 ¹

269 2580 435 2664 Respondi
459 2582 608 2666 epistulis
631 2583 748 2670 tribus,
772 2583 826 2648 sed
849 2589 1000 2669 exspecto
1025 2585 1117 2670 alias3
1145 2607 1226 2652 nam
1295 2579 1296 2646 ἶ

203 2691 254 2734 me
278 2670 381 2735 adhue
407 2673 483 2734 tuae
509 2671 637 2736 litterae
666 2675 897 2738 sustentarunt.
943 2673 982 2738 D.
1006 2672 1226 2741 Liberalibus.
1295 2771 1296 2778 ἵ

691 2847 730 2912 Χ.

354 2966 411 3022 Ser.
431 2968 463 3020 in
481 2966 635 3022 Formiano
654 2968 717 3021 XV
732 2969 769 3022 K.
789 2970 858 3038 Apr.
878 2986 904 3025 o.
925 2973 981 3024 705
1000 2972 1069 3038 (49).
1238 2983 1262 3022 ao

503 3089 649 3146 CICERO
666 3091 813 3147 ATTICO
831 3092 913 3147 SAL.

169 3213 183 3261 1
270 3197 364 3263 Nihil
386 3198 554 3284 habebam,
576 3199 663 3284 quod
685 3200 865 3264 scriberem.
902 3198 1016 3284 Neque
1035 3200 1120 3266 enim
1143 3205 1223 3268 novi
1295 3219 1296 3278 ξ

205 3287 376 3372 quiequam
406 3287 569 3351 audieram
603 3291 635 3351 et
666 3287 706 3352 ad
739 3291 814 3352 tuas
849 3311 959 3354 omnes
994 3289 1224 3373 rescripseram
1295 3281 1296 3340 l

204 3375 315 3460 pridie.
366 3374 441 3459 Sed,
478 3397 550 3440 cum
581 3395 633 3438 me
652 3375 833 3459 ‘aegritudo
868 3398 937 3441 non
966 3377 1073 3442 solum
1105 3399 1222 3444 somno

204 3467 355 3550 privaret,
377 3485 488 3527 verum
506 3486 546 3527 ne
565 3461 700 3548 vigilare
718 3463 847 3545 quidem
871 3465 941 3530 sine
964 3487 1089 3530 summo
1109 3464 1223 3532 dolore
1237 3493 1260 3536 aa
1295 3483 1296 3564 ξ
