2564 3880
121 162 160 216 Μ.
175 163 283 217 TULLI
298 162 487 217 CICERONIS
501 163 613 218 EPIST.
627 163 678 217 AD
693 164 857 219 ATTICUM
876 165 940 220 XIV
960 171 1038 221 1-3,
1075 166 1143 228 435

117 305 278 391 proxime,
300 327 373 370 cum
398 303 485 370 Sesti
507 309 626 390 rogatu
650 305 735 390 apud
758 328 831 370 eum
859 306 992 371 fuissem
1016 329 1142 390 exspec-

117 398 286 476 taremque
319 394 447 478 sedens,
476 395 582 476 quoad
613 415 758 476 vocarer,
786 395 905 458 dixisse
938 417 1024 460 cum:
1055 396 1140 481 ‘Ego

118 481 278 565 dubitem,
307 482 387 565 quin
410 502 536 545 summo
567 482 603 545 in
630 482 704 546 odio
733 483 808 568 sim,
838 504 936 566 quom
960 483 1003 546 M.
1028 481 1140 549 Cicero

118 570 228 636 sedeat
249 591 309 634 nec
328 592 388 635 suo
407 570 576 634 commodo
600 592 651 634 me
670 571 841 634 convenire
859 570 987 654 possit?
1027 569 1141 657 Atqui,

88 659 146 724 ssi
170 658 343 742 quisquam
365 661 415 722 est
442 657 561 744 facilis,
587 658 642 722 hic
670 662 727 723 est.
773 657 895 723 Tamen
921 680 989 723 non
1016 659 1140 742 dubito,

118 747 199 830 quin
221 769 272 810 me
290 746 375 810 male
393 745 519 810 oderit'
560 745 649 811 Haec
667 750 700 810 et
724 747 792 810 eius
816 745 904 811 modi
922 747 1034 811 multa.
1077 745 1141 811 Sed

116 835 158 899 ad
180 834 393 918 propositum.
436 832 596 918 Quicquid
619 835 680 899 erit
693 856 760 899 non
782 834 878 898 modo
897 855 1060 920 magnum,
1084 836 1139 899 sed

117 922 216 987 etiam
239 945 385 1008 parvum,
408 921 539 986 scribes.
584 921 747 1005 Equidem
768 922 853 986 nihil
875 923 1097 987 intermittam.

609 1095 650 1162 II.

74 1233 101 1270 1o
230 1219 287 1274 Ser.
306 1219 339 1272 ia
356 1219 514 1273 suburbano
534 1219 613 1272 Mati
637 1219 682 1274 VI
695 1219 739 1272 Id.
754 1216 823 1286 Aps.
839 1236 864 1273 a.
881 1221 936 1273 710
956 1222 1025 1288 (44).

438 1322 568 1377 CICERO
587 1322 721 1377 ATTICO
741 1322 816 1376 SAL.

183 1448 273 1513 Duas
297 1471 316 1512 a
338 1453 371 1513 te
395 1449 503 1532 accepi
531 1449 687 1532 epistulas
714 1447 793 1512 heri.
835 1447 887 1512 Ex
918 1449 1025 1533 priore
1048 1450 1170 1514 thes-1

115 1542 204 1601 trum
226 1537 468 1620 Publiliumque
495 1538 646 1622 cognovi,
673 1537 760 1600 bona
788 1537 881 1620 signa
904 1538 1136 1601 consentientis

115 1625 347 1690 multitudinis.
380 1624 517 1689 Plausus
536 1647 612 1689 vero
631 1624 667 1688 L.
686 1623 799 1688 Cassio
823 1624 918 1690 datus
936 1625 1035 1688 etiam
1057 1625 1137 1689 face-

73 1741 100 1782 is
115 1718 170 1779 tus
193 1713 275 1778 mihi
294 1713 423 1796 quidem
445 1713 534 1778 visus
550 1717 608 1777 est.
650 1711 764 1777 Altera
783 1712 923 1794 epistula
945 1711 984 1775 dc
1002 1712 1135 1777 Madaro
1155 1728 1171 1775 2

116 1803 250 1886 scripta,
283 1801 368 1885 apud
397 1824 493 1885 quem
526 1801 653 1864 nullum
685 1801 708 1883 's
735 1801 932 1884 φαλάκωμα,
963 1804 1001 1863 ut
1031 1805 1135 1883 putas.

115 1889 282 1954 Processit
301 1889 395 1974 enim,
419 1890 475 1954 sed
497 1890 612 1954 minus.
649 1887 782 1952 Diutius
807 1909 953 1952 sermone
977 1887 1045 1952 eius
1065 1910 1137 1953 sum

115 1981 270 2042 retentus.
312 1976 405 2053 Quod
432 1982 540 2042 autem
568 1977 608 2040 ad
635 1980 669 2039 te
697 1977 888 2060 scripseram
916 1976 1050 2040 obscure
1072 1977 1172 2040 for-3

115 2071 212 2152 tasse,
234 2067 269 2130 id
292 2066 360 2130 eius
383 2065 471 2129 modi
495 2069 553 2129 est.
594 2063 714 2129 Aiebat
738 2062 907 2129 Caesarem
930 2086 1046 2148 secum,
1070 2086 1135 2148 quo

73 2159 263 2237 aotempors
287 2153 373 2218 Sesti
401 2157 519 2238 rogatu
542 2153 615 2217 veni
639 2153 679 2217 ad
703 2175 790 2238 eum,
817 2174 890 2217 cum
918 2157 1136 2236 exspectarem

116 2243 243 2327 sedens,
267 2242 399 2306 dixisse:
436 2242 520 2329 ‘Ego
547 2262 634 2305 nuno
656 2245 725 2304 tam
747 2242 810 2304 sim
832 2240 966 2324 stultus,
989 2245 1027 2304 ut
1049 2240 1136 2304 hunc

114 2329 769 2484 {ttutttttttttmtttttt
786 2329 1135 2501 {ittttttt’ttt

115 2508 218 2593 igitur
242 2507 448 2590 φαλάκρωμα
469 2506 730 2570 inimicissimum
753 2505 823 2590 otii,
845 2506 878 2569 id
902 2509 951 2569 est
973 2504 1076 2570 Bruti.

74 2623 101 2664 ss
181 2594 222 2659 In
249 2595 467 2660 Tusculanum
493 2594 604 2678 hodie,
631 2593 756 2658 Lanuvi
779 2615 864 2680 cras,
895 2594 968 2657 inde
996 2592 1171 2657 Asturae4

115 2683 309 2768 cogitabam.
350 2682 453 2747 Piliae
475 2685 636 2765 paratum
649 2686 699 2745 est
722 2681 916 2766 hospitium,
943 2681 998 2745 sed
1020 2682 1136 2746 vellem

115 2771 269 2836 Atticam.
301 2769 425 2835 Verum
434 2771 495 2835 tibi
508 2771 651 2855 ignosco.
685 2767 829 2845 Quarum
843 2770 973 2852 utrique
989 2768 1135 2834 salutem.

595 2944 653 3010 III.

287 3067 344 3123 Ser.
364 3070 396 3122 in
417 3067 574 3122 Tusculano
597 3067 625 3120 V
639 3067 684 3120 Ic.
698 3066 768 3135 Apr.
783 3084 809 3120 a.
826 3069 881 3120 710
896 3069 965 3134 (44).

75 3187 102 3226 eo
438 3172 568 3227 CICERO
587 3171 719 3226 ATTICO
738 3170 813 3224 SAL.

183 3298 391 3383 Ibanquillae
420 3304 495 3363 tuae
532 3298 660 3381 quidem
696 3297 833 3360 litterae.
866 3294 978 3371 ¹Quod
1008 3293 1169 3358 utinam1

115 3389 252 3453 diutius!
269 3409 346 3451 nam
364 3387 486 3451 Matius
504 3407 600 3469 posse
617 3385 766 3470 negabat.
804 3383 888 3447 Ecce
907 3386 1013 3446 autem
1033 3386 1135 3446 struc-

115 3481 204 3542 tores
218 3476 323 3540 nostri
333 3475 373 3540 ad
382 3475 582 3540 frumentum
596 3473 743 3558 proiecti,
757 3494 831 3536 cum
845 3472 956 3534 inanes
966 3469 1136 3556 redissent,

921 3572 974 3628 28*
1146 3569 1148 3574 ’
