2578 3886
188 124 253 188 318
509 122 547 176 Μ.
567 121 675 175 TULLI
694 120 884 176 CICERONIS

187 267 326 331 habetur
348 266 500 350 locuples.
537 263 634 329 Nunc
657 264 703 328 ait
721 286 755 328 se
774 264 940 347 daturum3
963 265 1015 329 cui
1033 286 1212 348 expensum

188 355 311 439 tulerit,
333 355 467 439 morari,
490 352 708 438 †tabellarius
733 352 761 416 si
784 353 869 436 apud
892 357 925 417 te
949 357 1033 417 esset
1057 375 1139 436 quas
1163 375 1210 416 sa·

189 444 232 508 tis
255 444 400 528 fecisses,
427 443 528 506 dares.
575 440 739 517 Quantum
763 441 819 523 sit,
844 441 929 504 Eros
952 440 1124 505 Philotimi
1146 441 1210 505 11111

153 533 281 596 edicet.
328 529 391 595 Sed
414 531 455 594 ad
477 529 600 594 maiora
623 529 797 592 redeamus,

256 619 349 696 Quod
381 623 488 703 optas,
520 615 706 682 Caelianum
738 617 821 680 illud
846 617 1044 682 maturescit.
1094 616 1242 700 Itaques

188 713 353 792 torqueor,
375 712 487 771 utrum
505 710 638 770 ventum
661 710 850 789 exspectem.
884 703 1013 770 Vexillo
1039 727 1121 789 opus
1145 711 1207 788 est3

188 796 415 861 convolabunt.
446 794 540 870 Quod
558 794 682 878 suades,
700 797 738 857 ut
756 794 873 878 palam,
891 815 1024 876 prorsus
1044 794 1207 857 adsentior

188 885 299 968 itaque
321 906 372 946 me
395 884 616 967 profecturum
638 885 727 966 puto
763 881 850 946 'luas
873 885 983 946 tamen
1005 882 1139 945 interim
1156 882 1207 945 lit·

189 976 275 1036 teras
300 975 459 1055 exspecto.
498 971 589 1035 Servi
613 970 748 1034 consilio
771 969 856 1033 nihil
875 970 1050 1053 expeditur.
1089 968 1206 1033 Omnes

189 1061 354 1143 captiones
377 1061 413 1122 in
437 1059 524 1123 omni
545 1058 705 1122 sententia
725 1062 905 1122 occurnmt.
945 1057 1056 1122 Unum
1075 1056 1109 1123 O.
1125 1058 1237 1121 Mar-10

189 1149 304 1212 cellum
328 1147 466 1232 cognovi
484 1147 695 1232 timidiorem3
719 1168 814 1230 quem
833 1146 998 1210 consulem
1016 1147 1117 1210 fuisse
1136 1168 1206 1230 pae-

188 1237 280 1300 111111.
311 1234 353 1300 Ὢ
376 1242 500 1319 πολλῆς
523 1236 709 1317 creaveras!
742 1235 799 1318 qui
817 1235 915 1298 etiam
934 1233 1117 1298 Antonium
1136 1256 1207 1298 con-

188 1325 334 1388 firmasse
367 1324 497 1408 dicitur,
529 1327 566 1387 ut
595 1345 648 1386 me
679 1323 863 1407 impediret,
899 1345 962 1406 quo
991 1323 1074 1408 ipse,
1105 1323 1206 1405 credo,

153 1430 169 1476 3
188 1411 365 1477 honestius.
402 1412 567 1476 Antonius
592 1415 700 1475 autem
723 1427 761 1474 v1
783 1410 860 1475 Idus
879 1409 1023 1494 Capuam
1042 1411 1206 1494 profectus

190 1506 247 1565 est.
292 1499 345 1564 Ad
371 1523 423 1564 me
450 1500 541 1564 misit
569 1521 603 1562 se
630 1499 752 1582 pudore
780 1499 970 1563 deterritum
998 1499 1038 1564 ad
1068 1521 1120 1564 me
1143 1522 1237 1563 1101111

189 1589 328 1673 venisse,
357 1589 444 1673 quod
465 1609 517 1651 me
542 1587 605 1651 sibi
629 1609 812 1651 suscensere
835 1591 973 1670 putaret.
1019 1586 1127 1651 Ibitur
1151 1587 1206 1672 igi·

189 1683 244 1742 tur
267 1682 300 1742 et
323 1676 370 1740 ita
393 1677 533 1760 quidem,
556 1679 593 1739 ut
616 1697 735 1760 censes,
757 1675 822 1738 nisi
846 1676 936 1739 cuius
960 1676 1120 1760 gravioris
1140 1698 1206 1759 per-

190 1788 287 1830 sonae
311 1764 532 1848 suscipiendae
556 1785 628 1847 spes
649 1764 710 1827 erit
734 1769 809 1827 ante
834 1764 950 1827 oblata.
989 1762 1052 1827 Sed
1071 1764 1126 1828 vix
1147 1765 1207 1828 erit

189 1859 257 1918 tam
290 1854 363 1918 cito.
410 1852 558 1916 Allienus
592 1856 699 1915 autem
732 1855 862 1935 praetor
892 1852 1029 1935 putabat
1058 1852 1207 1935 aliquem,

191 1943 218 2006 si
243 1963 302 2027 ego
326 1963 402 2027 non,
425 1964 465 2005 ex
488 1940 621 2025 collegis
645 1941 722 2003 suis.
769 1939 880 2016 Quivis
904 1940 989 2025 licet,
1012 1940 1089 2003 dum
1112 1941 1237 2006 modoa

190 2031 316 2114 aliquis.

156 2136 170 2184 4
256 2118 305 2182 De
333 2139 443 2182 sorore
470 2116 574 2180 laude.
621 2114 669 2178 De
693 2115 812 2192 Quinto
841 2137 941 2199 puero
971 2116 1067 2180 datur
1097 2138 1206 2201 opera,

190 2229 283 2291 spero
312 2228 380 2270 esse
408 2205 548 2269 meliora.
596 2203 645 2267 De
668 2202 788 2279 Quinto
814 2204 914 2267 fratre
938 2204 1020 2268 scito
1044 2225 1119 2268 eum
1142 2228 1207 2270 non

188 2295 392 2360 mediocriter
423 2293 571 2356 laborare
603 2292 641 2355 de
673 2314 818 2376 versura,
851 2292 905 2355 sed
939 2292 1041 2355 adhuc
1072 2292 1158 2356 nihil
1190 2316 1207 2356 a

189 2383 223 2447 L.
257 2382 399 2467 Egnatio
438 2379 604 2463 expressit.
656 2377 759 2443 Axius
797 2380 835 2443 de
872 2380 1039 2443 duodecim
1072 2381 1206 2444 milibus
1218 2405 1237 2445 a

190 2471 325 2556 pudens!
364 2467 465 2552 Saepe
489 2468 575 2531 enim
598 2468 708 2531 adme
732 2468 876 2551 scripsit,
904 2472 942 2532 ut
965 2466 1083 2553 Gallio,
1108 2491 1206 2552 quan-

190 2564 260 2623 tum
279 2560 307 2622 is
327 2557 432 2640 vellet,
451 2557 567 2620 darem.
601 2555 1207 2640 (1101111101111111111111011111111

191 2647 306 2711 aliter?
343 2645 388 2708 Et
416 2645 547 2727 quidem
575 2666 669 2726 saepe
698 2665 770 2707 sum
793 2644 972 2728 pollicitus,
1000 2644 1057 2707 sed
1078 2648 1206 2710 tantum

189 2735 294 2799 voluit
316 2733 389 2796 cito.
426 2733 479 2796 Me
501 2755 577 2797 1110
602 2733 791 2796 adiuvarent
812 2732 865 2796 his
884 2732 919 2795 in
938 2733 1107 2817 angustiis.
1146 2731 1206 2798 Sed

190 2824 222 2885 di
245 2823 339 2885 istos!
372 2820 494 2884 Verum
518 2821 605 2884 alias.
651 2820 696 2883 Te
720 2844 739 2884 a
762 2825 919 2903 quartana
937 2820 1113 2885 liberatum
1131 2843 1236 2906 gau-a

190 2911 248 2973 deo
280 2910 423 2993 itemque
455 2908 579 2972 Piliam.
625 2908 712 2993 Ego,
744 2909 820 2972 dum
850 2910 942 2992 panis
974 2912 1007 2972 et
1039 2913 1145 2981 cetera
1172 2911 1204 2974 in

181 3002 304 3062 'navem
334 3001 503 3080 parantur,
534 3018 667 3060 excurro
699 2998 734 3060 in
765 2995 1005 3078 Pompeianum.
1051 2995 1202 3062 Vettiano

191 3087 286 3150 velim
310 3085 442 3169 gratias,
466 3085 552 3168 quod
576 3085 739 3148 studiosus
765 3086 823 3168 sic3
848 3085 875 3148 si
900 3107 1094 3168 quemquam
1112 3108 1202 3150 nanc·

190 3179 243 3238 tus
263 3174 336 3258 eris,
355 3173 411 3257 qui
429 3174 579 3256 perferat,
592 3173 720 3236 litteras
739 3173 802 3256 des,
818 3177 991 3256 antequam
1005 3173 1199 3238 discedimus
