2560 3880
314 168 569 224 EPISTULARUM
585 172 635 224 AD
654 171 806 226 BRUTUM
824 172 850 224 II
869 177 944 226 1-3.
1061 173 1127 237 555

124 312 186 377 tuli
207 313 255 377 rei
278 311 435 395 publicae
448 335 551 397 causa,
577 334 618 376 ne
640 306 747 378 darem
770 314 902 397 perditis
926 315 1048 379 civibus
1070 314 1126 379 ho-

123 401 243 465 miuem
270 422 383 483 parum
408 422 522 464 sanum
544 401 636 464 illum
659 402 801 486 quidem,
829 402 884 465 sed
906 407 1014 466 tamen
1036 403 1126 467 nobi-

123 489 196 573 lem,
219 509 282 572 quo
307 492 538 574 concurrerent,
562 488 647 571 quod
668 490 791 553 faciunt
808 489 910 554 nihilo
929 491 1048 574 minus3
1072 491 1127 554 sed

124 598 196 640 eum
224 576 425 640 alienandum
454 599 473 640 a
499 598 534 639 re
561 576 689 658 publica
716 599 782 641 non
809 581 867 661 put
853 577 969 641 tabam
1014 541 1126 642 Finem

95 665 225 730 sfeci
208 665 276 728 eius
299 663 428 728 ferendi.
466 663 621 747 Coeperat
643 665 728 728 enim
751 687 820 729 esse
837 669 908 729 tant
910 689 928 729 a
945 667 1126 752 insolentia,

125 755 161 815 ut
192 753 351 816 neminem
377 751 515 816 liberum
545 753 679 816 duceret.
728 751 768 816 In
794 752 903 818 Planci
930 775 1005 817 vero
1032 776 1126 818 causa

124 839 244 904 exarsit
274 835 453 904 incredibili
485 840 593 903 dolore
622 861 809 924 mecumque
837 863 893 924 per
919 841 1126 905 biduum'ta
1078 846 1126 905 ita

124 932 199 991 cont
185 926 347 992 tenditt
273 931 347 992 tet
375 950 393 991 a
420 949 471 991 me
498 929 544 992 ita
571 929 692 992 fractus
716 932 778 1013 est,
805 932 842 992 ut
865 951 936 992 eum
959 929 994 992 in
1015 951 1126 1013 perpe-

123 1019 216 1080 tuum
238 1016 463 1080 modestiorem
486 1037 609 1099 sperem
632 1016 708 1080 fore.
745 1015 853 1099 Atque
871 1017 906 1080 in
921 1017 981 1081 hac
999 1022 1126 1081 conten·

84 1104 218 1169 lotione
245 1106 330 1187 ipsa,
362 1125 433 1167 cum
461 1104 599 1168 maxima
626 1125 676 1167 res
703 1108 864 1189 ageretur,
895 1127 921 1168 1.
947 1105 1022 1169 dv
1049 1104 1125 1169 Idus

122 1190 251 1274 Apriles
278 1191 405 1255 litterae
430 1191 511 1255 mihi
539 1192 573 1255 in
601 1195 713 1256 senatu
739 1191 881 1255 redditae
909 1197 983 1256 sunt
1007 1216 1025 1256 a
1047 1191 1126 1256 Len-

123 1279 193 1343 tulo
215 1283 327 1343 nostro
352 1279 389 1342 de
413 1277 533 1365 Cassio,
560 1280 597 1343 de
619 1279 811 1363 legionibus,
834 1280 872 1342 de
895 1278 994 1363 Syria
1040 1279 1124 1356 Quas

124 1367 234 1432 statim
264 1389 336 1431 oum
358 1367 589 1452 recitavissem,
615 1367 727 1432 cecidit
752 1366 920 1453 Servilius,
924 1368 1124 1467 complures

122 1459 298 1538 praeterea3
327 1459 402 1519 sunt
430 1456 515 1519 enim
540 1455 683 1539 insignes
709 1455 846 1541 aliquot,
877 1455 932 1539 qui
956 1455 1125 1540 improbis-

80 1568 108 1609 1s
124 1543 202 1606 sime
231 1542 380 1606 sentiunt.
359 1541 491 1608 tSed
515 1543 718 1607 acerbissime
740 1543 817 1607 tulit
840 1541 993 1607 Servilius
1017 1544 1125 1607 adsen

123 1652 195 1695 sum
221 1653 289 1695 esse
317 1631 397 1694 mihi
424 1630 462 1695 de
488 1630 614 1695 Planco
659 1630 813 1716 Magnum
839 1630 919 1694 illud
945 1635 1124 1696 monstrum

121 1718 156 1782 in
178 1719 362 1802 republica
385 1718 521 1804 est,tsod
543 1718 724 1804 quo***.

489 1891 755 1978 mweffl

346 2012 403 2069 Sor.
418 2013 562 2083 Dyrrachi
579 2013 615 2066 K.
631 2013 700 2082 Apr.
715 2032 740 2068 a.
757 2017 808 2068 711
829 2017 896 2082 (43).

79 2149 108 2188 ao
412 2135 554 2190 BRUTUS
573 2133 742 2190 CICERONI
758 2134 832 2189 SAL.

188 2241 327 2307 Litteras
356 2247 429 2306 tuas
457 2244 548 2308 valde
576 2247 739 2327 exspecto,
766 2265 845 2326 quas
869 2243 1026 2326 scripsisti
1048 2247 1155 2326 postl

121 2330 253 2395 nuntios
280 2333 463 2394 nostrarum
484 2336 646 2395 rerumet
615 2333 707 2395 etde
729 2335 832 2395 morte
801 2329 1002 2394 t.Treboni
1047 2330 1123 2395 Non

123 2419 207 2482 enim
229 2418 351 2501 dubito,
374 2419 452 2501 quin
474 2419 554 2482 mihi
577 2397 781 2484 consiliumt
767 2423 859 2483 tuum
881 2418 1026 2502 explices.
1071 2418 1122 2483 In-

123 2506 220 2591 digno
250 2469 366 2571 sceler'e
394 2510 427 2569 et
449 2507 550 2570 civem
573 2508 731 2591 optimum
754 2507 919 2570 amisimus
942 2510 974 2570 11
996 2508 1122 2607 provin-

80 2621 108 2661 as
122 2594 188 2659 ciac
214 2594 416 2695 possessione
442 2594 528 2678 pulsi
555 2616 678 2679 sumus,
705 2617 801 2678 quam
830 2595 1008 2678 recuperari
1030 2595 1122 2659 facile

122 2686 185 2768 est,
210 2704 313 2783 neque
340 2682 445 2746 minus
472 2686 566 2765 turpe
594 2687 649 2746 aut
675 2682 872 2768 flagitiosum
895 2683 956 2746 erit
978 2687 1053 2766 post
1075 2706 1122 2747 re-

122 2771 273 2853 cuperari.

187 2857 348 2922 Antonius
372 2857 473 2922 adhuc
496 2861 545 2921 est
567 2857 744 2943 nobiscum,
766 2857 821 2920 sed
837 2858 959 2921 medius
978 2858 1071 2921 fidius
1090 2861 1155 2922 111
1257 2893 1259 2940 J

122 2966 252 3009 moveor
269 2945 409 3010 hominis
427 2945 575 3028 precibus
594 2949 626 3009 et
644 2945 753 3028 timeo,
774 2967 814 3010 ne
832 2945 924 3009 illum
942 2946 1121 3030 aliquorum

80 3058 109 3098 1ο
122 3032 211 3095 furor
240 3034 384 3116 excipiat.
435 3032 533 3098 Plane
564 3037 683 3097 aestuo.
733 3031 854 3108 Quodsi
885 3034 1010 3117 scirem,
1045 3032 1121 3115 quid

122 3119 184 3183 tibi
209 3119 360 3205 placeret,
393 3121 460 3186 sine
488 3120 701 3185 sollicitudine
727 3142 843 3204 essem3
869 3120 903 3183 id
929 3120 1013 3183 enim
1041 3120 1121 3202 opti-

122 3229 210 3271 mum
229 3229 299 3272 esse
317 3230 504 3291 persuasum
522 3212 606 3273 esset
624 3208 711 3271 mihi.
749 3207 852 3283 Quare
871 3207 1122 3290 quamprimum
1253 3217 1255 3286 J

121 3295 171 3358 111
198 3317 249 3359 me
276 3297 456 3380 certiorem,
486 3296 562 3380 quid
588 3297 649 3360 tibi
676 3296 806 3379 placeat.
853 3293 982 3358 Cassius
1010 3299 1154 3360 nosters
1251 3289 1254 3379 ,¹

122 3381 258 3469 Syriam,
279 3384 421 3468 legiones
440 3383 585 3466 Syriacas
607 3384 705 3448 babet
723 3384 809 3447 ultro
828 3382 955 3465 quidem
974 3405 992 3445 a
1010 3383 1120 3447 Murco

81 3475 153 3537 1511
172 3494 190 3536 a
209 3471 329 3536 Marcio
350 3476 381 3536 et
400 3472 440 3536 ab
460 3472 599 3535 exercitu
617 3472 687 3555 ipso
706 3470 885 3535 arcessitus.
917 3470 989 3555 Ego
1009 3471 1122 3554 scripsi

1248 3479 1251 3538 1

1247 3565 1250 3642 1
