2560 3880
175 156 241 220 526
498 155 535 210 M.
556 155 662 209 TULLI
681 154 871 210 CICERONIS

175 303 209 365 et
236 321 308 364 meo
335 298 466 364 nomine
494 301 526 364 et
553 299 600 362 rei
627 298 775 382 publicae
803 297 980 383 carissime,
1007 296 1108 362 nimis
1131 318 1189 362 cre

175 387 250 453 dere
274 387 393 452 videris
421 386 490 471 spei
518 391 592 450 tuae
620 388 808 470 statimque,
840 390 878 450 ut
910 387 1049 470 quisque
1072 385 1188 470 aliquid

175 479 262 541 recte
284 475 409 558 fecerit,
437 475 545 540 omnia
568 475 643 538 dare
666 497 702 539 ae
724 475 921 558 permittere,
950 475 1041 557 quasi
1067 495 1135 538 non
1155 473 1188 537 li-

176 567 288 630 ceatt
273 565 398 628 traduci
422 563 463 628 ad
485 562 570 627 mala
592 563 728 628 consilia
751 567 940 646 corruptum
962 561 1187 646 largitionibus

176 653 327 718 animum.
374 651 462 726 Quae
494 655 551 715 tua
584 655 632 716 est
658 651 807 715 humanit
793 655 859 737 tas,
891 672 994 734 aequo
1023 651 1133 714 animo
1158 654 1217 714 tes

175 741 301 805 moneri
323 740 465 824 petieris,
488 743 630 822 praesert
631 739 676 803 im
699 739 737 804 de
761 702 924 805 comniuni
947 739 1068 824 salute5
1097 739 1186 802 facies
1261 785 1262 830 ,

176 832 297 914 tamen,
328 828 413 912 quod
444 827 507 892 tibi
535 827 641 892 visum
668 827 781 906 fuerit;
814 828 911 892 etiam
938 848 1015 914 ege,
1042 848 1118 891 cum
1142 847 1187 890 me
1261 831 1262 900 ἶ

177 879 322 981 docueris
345 915 447 981 ***.

644 1090 693 1156 IV
702 1115 728 1157 a.

399 1211 457 1269 Ser.
471 1213 504 1267 ire
521 1213 618 1268 eastris
636 1213 680 1266 Id.
696 1213 769 1268 Mai.
785 1231 811 1266 a.
827 1217 879 1267 711
901 1214 968 1281 (43).
1198 1221 1218 1258 1⁰

449 1335 612 1390 BRUTUS
630 1334 828 1390 CICERONI
842 1334 925 1390 SAL.

19 1461 161 1513 reema>
245 1438 465 1527 ***Nunc,
497 1439 617 1526 Cicero,
637 1461 723 1504 nunc
746 1440 906 1542 egendum
929 1445 988 1529 est,
1009 1463 1053 1507 ne
1075 1443 1156 1506 fruet
1142 1446 1188 1506 tra

177 1551 368 1632 oppressum
396 1551 465 1594 esse
487 1493 668 1593 Antonium
698 1528 802 1613 gavisi
830 1529 945 1614 simus,
975 1494 1040 1595 iren
1069 1552 1187 1614 semper

177 1619 275 1703 primi
303 1617 458 1701 cuiusque
486 1618 564 1682 mali
586 1617 750 1681 excidendi
773 1638 869 1681 causa
892 1618 948 1701 sit,
976 1618 1127 1682 utaliud
1146 1640 1188 1681 re
1261 1663 1262 1668 κ

100 1724 165 1776 eu)
179 1711 330 1772 nascatur
353 1706 410 1769 illo
434 1706 532 1788 peius
574 1704 699 1769 Nihil
689 1727 754 1768 ram
765 1726 880 1806 ¹neque
904 1706 1115 1788 opinantibus
1138 1710 1218 1771 aute

177 1800 234 1879 pat
235 1795 303 1859 ient
289 1794 377 1858 tibus
404 1794 500 1857 nobis
528 1793 654 1857 adversi
681 1793 809 1857 evenire
831 1793 991 1877 potest,
981 1815 1018 1857 m
1040 1817 1106 1879 quo
1128 1816 1190 1858 non
1261 1795 1262 1860 l

178 1904 251 1948 cum
288 1882 433 1946 omnium
469 1882 564 1965 culpa
599 1885 670 1944 tum
706 1881 876 1964 praecipue
908 1885 967 1944 tua
997 1882 1111 1947 futura
1142 1882 1191 1966 sit,

179 1971 269 2035 cuius
297 1974 423 2036 tantem
451 1969 677 2034 auctoritatem
701 1973 831 2033 senatus
855 1990 892 2032 ao
913 1969 1055 2052 populus
1079 1970 1190 2035 Roma

177 2080 239 2123 nus
267 2080 334 2124 non
357 2058 461 2122 solum
485 2079 554 2121 esse
576 2057 714 2143 patitur,
742 2057 797 2121 sed
821 2057 918 2121 etiam
941 2058 1045 2144 cupit,
1075 2063 1191 2143 quanta

177 2147 319 2212 maxima
350 2147 385 2211 in
416 2145 519 2209 libera
550 2145 681 2209 civitate
713 2146 809 2209 unius
843 2166 912 2210 esse
939 2149 1064 2231 potest,
1098 2169 1221 2232 quamn

177 2239 215 2300 tu
246 2256 313 2300 non
344 2234 450 2298 solum
481 2234 563 2298 bene
594 2232 776 2319 sentiendo,
809 2234 864 2297 sed
893 2233 990 2298 etiam
1018 2236 1191 2317 prudenter

177 2324 263 2387 tueri
302 2323 406 2386 debes.
461 2320 635 2385 Prudentia
670 2343 781 2405 porro,
819 2343 900 2405 quae
936 2322 999 2386 tibi
1038 2327 1192 2407 superest,

177 2412 267 2474 nulla
304 2410 361 2474 abs
397 2413 431 2474 te
467 2409 666 2474 desideretur
701 2409 765 2474 nisi
801 2410 915 2474 modus
947 2410 983 2474 in
1013 2412 1192 2476 tribuendis

177 2497 364 2562 honoribus.
409 2497 485 2562 Alia
513 2497 621 2563 omnia
650 2497 695 2561 sic
722 2497 852 2582 adsunt,
879 2501 917 2561 ut
944 2519 1017 2562 cum
1046 2501 1192 2583 quolibet

179 2587 386 2668 antiquorum
423 2586 602 2668 comparari
638 2585 765 2668 possint
797 2590 872 2649 tuae
903 2586 1057 2671 virtutes3
1095 2610 1224 2652 unumst

177 2673 240 2737 hoe
273 2695 295 2738 o
326 2677 420 2758 grato
450 2674 557 2737 animo
588 2673 780 2756 liberalique
805 2674 986 2757 profectum
1018 2677 1194 2740 cautiorem

179 2783 216 2826 ac
243 2761 490 2825 moderatiorem
517 2761 746 2825 liberalitatem
773 2761 940 2826 desiderat.
987 2760 1084 2828 Nihil
1109 2765 1194 2830 enim

179 2853 309 2914 senatus
339 2850 488 2932 cuiquam
515 2849 590 2913 dare
617 2849 725 2935 debet,
754 2848 840 2932 quod
866 2850 951 2914 male
973 2851 1194 2934 cogitantibus

179 2937 325 3020 exemplo
349 2941 405 3002 aut
427 2936 587 3020 praesidio
610 2939 661 3002 sit.
697 2935 812 3020 Itaque
834 2937 933 3002 timeo
957 2938 996 3002 de
1014 2941 1194 3023 consulatu,

177 3047 219 3090 ne
243 3023 359 3089 Caesar
381 3030 457 3089 tuus
480 3025 578 3089 altius
603 3047 637 3090 se
655 3026 834 3090 ascendisse
852 3029 945 3109 putet
963 3026 1102 3092 decretis
1122 3029 1224 3112 tuique

99 3131 115 3178 3
135 3131 165 3183 (e)
180 3136 276 3198 quam
299 3113 383 3200 inde,
406 3112 434 3177 si
457 3114 569 3177 consul
591 3113 695 3178 factus
719 3115 771 3198 eit,
794 3113 1029 3179 descensurum.
1073 3115 1194 3192 Quodsi

178 3202 342 3267 Antonius
372 3201 412 3266 ab
441 3200 504 3265 alio
533 3201 680 3266 relictum
708 3203 800 3286 regni
827 3201 1081 3268 instrumentum
1109 3227 1194 3270 ocea-
1261 3255 1262 3290 ,

181 3291 305 3354 sionem
328 3288 483 3374 regnandi
504 3288 629 3374 habuit,
652 3311 792 3372 quonam
815 3291 922 3354 animo
945 3292 1014 3356 fore
1037 3296 1148 3377 putee,
1168 3291 1193 3355 si
1261 3295 1262 3304 ³

181 3377 253 3458 quis
282 3382 412 3442 auctore
441 3398 509 3441 non
531 3381 670 3460 tyranno
693 3377 876 3462 interfecto,
904 3379 960 3443 sed
982 3380 1054 3462 ipso
1080 3385 1193 3445 senatu

180 3469 273 3545 putet
296 3488 329 3530 se
353 3466 487 3549 imperia
509 3465 671 3547 quaelibet
693 3467 916 3549 concupiscere
933 3469 1051 3550 posse?
1090 3469 1224 3545 Quares
