2560 3880
240 165 500 222 EPISTULARUM
517 168 567 222 AD
586 168 749 224 ATTIOUM
766 169 832 224 XVI
851 175 894 238 14,
914 175 955 224 15.
1042 169 1108 234 513

90 311 204 397 pisset,
226 331 292 376 ιιοιι
311 310 407 375 modo
427 311 602 376 deseruerit
620 316 748 394 emptus
765 313 910 397 pecunia,
928 312 983 377 sed
1001 313 1109 397 etiam,

92 402 253 482 quantum
273 399 310 463 in
331 399 404 482 ipso
426 399 536 485 fuerit,
558 399 717 464 everterit.
764 399 857 476 Quod
880 404 990 465 autem
1013 417 1142 484 quaet

92 487 155 573 ris,
184 508 247 572 quo
271 487 367 551 modo
391 487 445 572 agi
467 488 601 572 placeat,
623 509 696 551 cum
719 487 786 552 dies
809 489 943 575 venerit,
965 489 1107 572 primum

92 575 192 639 velim
218 575 286 639 eius
313 575 402 639 modi
429 575 486 660 sit,
515 578 552 639 ut
578 597 646 639 non
672 575 813 640 alienum
840 577 884 641 sit
910 597 962 640 me
985 575 1108 641 Romae

65 663 910 836 ⁵truhthaddssgltltdbbttd
935 685 1097 817 etth·

93 838 178 903 volo.
223 837 299 903 Etsi
326 861 497 923 sponsores
526 840 687 923 appellare
714 840 841 905 videtur
868 840 987 905 hebere
1010 862 1109 924 quan·
1199 897 1201 904 .

94 927 169 991 dam
192 929 374 1014 δυσωπίαν,
395 930 513 1014 tamen,
535 927 597 992 hoc
615 927 709 1011 quale
728 929 782 1014 sit,
804 929 984 993 consideres
1002 929 1108 994 velim.

93 1014 272 1079 Possumus
291 1015 386 1100 enim,
400 1018 437 1078 ut
457 1037 627 1098 sponsores
645 1017 852 1102 appellemus,
867 1020 1108 1100 procuratorem

53 1130 80 1169 ιο
94 1103 310 1182 introducere;
327 1124 432 1187 neque
451 1103 537 1167 enim
555 1103 605 1168 illi
622 1104 714 1168 litem
732 1103 1007 1170 contestabuntur.
1038 1103 1108 1180 Quo

94 1191 181 1255 fecto
203 1213 271 1255 non
293 1213 365 1256 sum
387 1192 514 1256 nescius
538 1213 710 1275 sponsores
731 1193 871 1257 liberari.
918 1190 981 1256 Sed
1004 1195 1037 1256 et
1059 1191 1109 1256 illi

93 1284 190 1363 turpe
214 1279 354 1344 arbitror
377 1301 414 1344 eo
437 1279 576 1365 nomine,
600 1280 686 1363 quod
708 1281 865 1344 satisdato
891 1280 1015 1366 debeat,
1037 1301 1110 1364 pro·

93 1370 259 1432 curatores
283 1368 351 1432 eius
373 1389 441 1431 ιιοιι
463 1367 638 1433 dissolvere
660 1371 693 1432 et
714 1373 846 1433 nostrae
869 1368 1040 1454 gravitatis
1056 1368 1109 1432 ius

94 1459 244 1521 nostrum
274 1456 343 1520 sine
373 1478 498 1521 summa
526 1455 614 1520 illius
643 1456 823 1540 ignominia
852 1457 1010 1540 persequi.
1059 1454 1110 1519 De

54 1569 80 1609 ιι
94 1543 157 1608 hoc
175 1545 253 1628 quid
270 1544 404 1630 placeat,
426 1544 584 1608 rescribas
602 1544 715 1630 velim,
737 1565 796 1609 nec
814 1544 937 1630 dubito,
951 1544 1031 1629 quin
1047 1543 1110 1607 hoc

94 1636 202 1697 totum
224 1633 329 1696 lenius
351 1631 556 1698 administrat
541 1635 634 1696 turus
659 1633 713 1696 sis.

162 1719 269 1784 Redeo
302 1720 342 1784 ad
372 1743 442 1784 rem
469 1720 638 1803 publicem.
684 1719 791 1785 Multa
821 1719 1003 1784 mehercule
1031 1741 1050 1784 a
1076 1722 1144 1783 tec

95 1829 190 1892 saepe
216 1809 252 1872 in
278 1813 438 1896 πολιτικῷ
490 1829 582 1872 encre
609 1808 796 1893 prudenter,
827 1808 883 1872 sed
909 1807 961 1872 his
988 1807 1108 1872 litteris

94 1896 178 1960 nihil
204 1895 456 1980 prudentius:
415 1828 660 1980 duemquam
688 1896 773 1961 enim
798 1896 971 1980 [postea]
961 1918 997 1959 ιιι
1019 1917 1109 1979 prae-

51 1984 199 2052 cosentia
223 1985 307 2048 belle
332 1984 395 2048 iste
420 2005 500 2067 puer
523 1987 574 2049 ret
560 1983 668 2048 tundit
690 1983 884 2069 Antonium,
909 1988 1019 2048 temen
1044 1982 1110 2047 exi-

94 2077 167 2136 tum
194 2075 324 2156 exspect
325 2093 378 2136 are
405 2071 578 2137 debemus!
623 2070 669 2136 At
654 2075 779 2155 tquae
809 2035 930 2136 οοιιιιοι
961 2075 1110 2136 nemost

93 2160 194 2225 missa
215 2159 304 2224 mihi.
349 2158 450 2246 Iurat,
470 2161 518 2224 ita
541 2160 606 2225 sibi
628 2160 771 2243 parentis
794 2160 934 2224 honores
956 2159 1110 2242 consequi

94 2249 204 2334 liceat,
176 2251 265 2312 tet
292 2248 389 2313 simul
417 2248 562 2312 dextram
589 2248 728 2312 intendit
751 2247 791 2311 ad
814 2251 963 2312 statuam
1010 2243 1109 2330 Μηδὲ

95 2340 243 2420 σωθείην
264 2336 331 2401 ὑπό
348 2359 387 2419 γε
404 2337 578 2402 τοιούτου]
605 2334 694 2422 Sed,
697 2341 734 2400 ut
720 2335 877 2421 tscribis,
895 2336 1110 2402 certissimum

51 2451 80 2492 οι
96 2445 167 2489 esse
189 2425 281 2489 video
301 2424 473 2489 discrimen
492 2422 610 2488 Cascae
628 2427 705 2488 nost
705 2446 734 2487 ιι
690 2388 964 2512 ttribundtum,
987 2424 1026 2487 de
1044 2445 1108 2507 quo

96 2512 263 2598 quidem
253 2533 324 2595 rpso
348 2512 415 2576 dixi
438 2510 554 2597 Oppio,
576 2534 650 2577 cum
671 2533 724 2576 me
745 2511 932 2576 hortaretur
973 2512 1110 2576 ιιιιιιιιι-

94 2601 268 2665 lescentem
298 2605 466 2684 totamque
496 2621 625 2664 causam
657 2621 851 2682 manumque
883 2604 1109 2665 veteranorum

94 2689 333 2772 complecterer,
350 2710 401 2753 me
423 2687 513 2752 nullo
537 2688 632 2752 modo
655 2689 759 2753 facere
776 2709 881 2790 posse,
903 2688 1039 2753 mmihi
1057 2710 1109 2753 ex-

94 2778 260 2861 ploratum
283 2781 368 2840 esset
390 2797 464 2840 eum
485 2797 552 2840 non
574 2776 668 2840 modo
688 2797 756 2840 non
773 2776 939 2841 inimicum
957 2780 1109 2860 tyranno-

51 2893 81 2932 ιο
95 2866 215 2950 otonis,
240 2886 396 2929 verume
379 2864 477 2928 etiam
505 2864 644 2928 amicum
671 2863 747 2928 fore.
795 2862 877 2929 (lum
903 2865 959 2928 ille
989 2864 1109 2929 diceret

95 2954 143 3018 ita
169 2953 221 3017 fut
207 2957 330 3038 t,urum
358 2951 453 3028 Quid
479 2952 581 3036 igitur
603 2952 866 3017 festinamus?
856 2975 914 3036 mq
914 2975 997 3016 uam.
1043 2949 1109 3016 Illi

95 3041 182 3106 enim
211 3063 283 3104 mea
311 3004 409 3123 dpera
438 3043 513 3105 ante
480 3039 613 3104 tKeL
638 3038 704 3104 Ian
731 3039 816 3104 nihil
845 3062 927 3123 opus
957 3043 1019 3123 est,
1047 3060 1107 3102 nos

95 3133 206 3194 autem
235 3130 302 3192 eius
330 3128 479 3193 voluntat
481 3149 531 3191 em
558 3131 633 3192 ante
600 3127 730 3192 teIdus
754 3126 921 3192 Decembr.
940 3126 1108 3211 perspicie-

94 3239 168 3282 mus
195 3217 230 3280 in
257 3214 374 3281 Casca?
420 3215 522 3280 Valde
550 3216 631 3280 mihi
659 3216 811 3280 adsensus
835 3218 893 3280 est.
939 3213 1042 3290 Quam
1065 3213 1107 3278 ob

50 3327 165 3373 esrem
186 3304 264 3369 haec
287 3304 415 3387 quidem
438 3303 601 3368 hactenus.
648 3303 743 3380 Quod.
762 3302 924 3385 reliquum
947 3305 1005 3386 est,
1029 3301 1108 3366 coti-

96 3394 147 3458 die
170 3392 355 3457 tabellarios
377 3390 512 3456 habebis
532 3395 573 3478 et,
595 3395 632 3455 ut
650 3411 710 3476 ego
730 3389 880 3475 arbitror,
903 3390 1001 3453 etiem
1019 3389 1108 3473 quod

94 3481 229 3566 scribas,
249 3480 384 3545 habebis
407 3479 532 3545 cotidie.
577 3479 697 3562 Leptae
720 3478 902 3543 litterarum
925 3478 1107 3561 exemplum

148 3593 197 3636 ore.
211 3595 276 3642 epm.
290 3593 321 3635 11
913 3583 947 3631 33
