2568 3888
279 149 542 204 EPISTULARUM
560 151 610 204 AD
630 150 794 204 ATTICUM
812 151 838 204 Π
856 157 881 220 4,
902 157 926 205 5.
1071 153 1116 216 47

76 291 207 378 tamen',
246 297 284 357 ut
318 293 406 357 nihil
437 293 545 358 minus
577 293 676 358 velim
709 317 806 378 quam
837 294 1051 379 Pomponiam
1083 299 1118 359 et

77 403 222 464 puerum
246 383 375 462 versari
399 381 435 445 in
458 381 575 446 timore
599 383 720 448 ruinae.

587 557 626 622 V.

357 679 415 734 Sor.
431 679 503 733 Auta·
520 697 554 733 m.
570 679 640 748 Apr.
661 697 686 733 a.
707 683 762 734 695
783 683 853 748 (59).

58 812 70 852 a
418 801 546 857 CICERO
566 801 698 856 ATTICO
719 802 793 856 SAL.

152 910 261 996 Cupio
287 911 438 996 equidem
466 913 499 975 et
522 911 587 975 iam
610 911 734 995 pridem
762 911 856 994 cupio
880 910 1116 975 Alexandream
1136 932 1151 980 1

84 1000 312 1084 reliquamque
331 999 520 1084 Aegyptum
542 999 647 1063 visere
675 1004 707 1063 et
736 999 834 1063 simul
862 999 902 1063 ab
925 999 986 1064 hac
1013 999 1116 1064 homi-

82 1109 165 1152 nnm
191 1088 346 1153 satietate
368 1087 477 1152 nostri
499 1087 660 1151 discedere
679 1092 712 1151 et
733 1109 805 1151 cum
830 1087 938 1171 aliquo
958 1088 1115 1152 desiderio

84 1177 221 1261 reverti3
246 1176 303 1242 sed
325 1176 389 1241 hoc
411 1179 557 1258 tempore
580 1175 687 1240 ethis
711 1175 917 1240 mittentibus

51 1327 74 1364 ro
164 1299 334 1385 ἀἰδέομαι
362 1304 476 1385 Τρῶας
499 1298 554 1364 καὶ
582 1301 740 1388 Τρῳάδας
764 1297 1040 1376 {tractatui-ova?

89 1441 173 1517 Quid
189 1441 278 1506 enim
292 1441 400 1505 nostri
415 1441 599 1528 optimates,
619 1441 646 1504 si
666 1441 723 1524 qui
741 1441 860 1525 reliqui
880 1445 966 1526 sunt,
983 1441 1117 1524 loquen-

89 1531 166 1596 tur?
187 1552 230 1594 an
243 1552 297 1594 me
312 1529 421 1614 aliquo
440 1529 584 1614 praemio
599 1530 639 1593 de
657 1529 819 1594 sententia
833 1551 903 1594 esse
922 1529 1117 1594 deductum?

165 1653 410 1738 *Πουλυδάμας
433 1678 490 1737 μοι
513 1665 644 1740 πρῶτος
668 1653 836 1738 ἐλεγχείην
859 1651 1044 1736 ἀναθήσει,’

93 1793 174 1860 Cato
197 1795 255 1858 ille
279 1797 406 1878 noster,
435 1795 491 1878 qui
514 1795 595 1858 mihi
618 1817 702 1858 unus
726 1798 776 1858 est
798 1816 858 1878 pro
883 1796 1012 1857 centum
1035 1792 1117 1856 mili-

59 1883 162 1948 nbus.
217 1881 301 1958 Quid
336 1904 412 1947 vero
452 1882 607 1948 historiae
640 1882 678 1946 de
712 1882 808 1946 nobis
840 1881 881 1946 ad
917 1902 1019 1946 annos
1054 1879 1117 1946 Do

95 1971 332 2054 praedicarint?
374 1969 459 2046 Quas
489 1970 618 2054 quidem
642 1991 701 2056 ego
734 1970 839 2035 multo
872 1970 977 2056 magis
1005 1991 1118 2033 vereor

96 2081 192 2143 qnam
216 2081 329 2124 eorum
351 2059 531 2145 hominum,
554 2059 611 2142 qui
633 2058 730 2123 hodie
752 2059 882 2144 vivunt,
904 2057 1118 2122 rumusculos.
1242 2121 1244 2128 ,

97 2145 166 2233 Sed,
190 2150 317 2232 opinor,
342 2147 538 2230 excipiamus
563 2151 595 2211 et
619 2152 849 2230 exaspectemu.
896 2145 932 2210 si
958 2147 1043 2211 enim
1068 2147 1118 2210 de-

97 2236 224 2320 feretur,
248 2236 311 2300 erit
335 2235 491 2320 quaedam
511 2239 624 2301 nostra
642 2239 798 2320 potestas,
822 2239 855 2300 et
872 2239 944 2299 tum
964 2235 1119 2300 delibera-

62 2351 85 2388 20
96 2324 210 2388 bimus.
238 2324 353 2388 Etiam
370 2323 500 2388 hercule
524 2329 573 2388 est
596 2324 631 2388 in
653 2345 719 2388 non
739 2324 923 2407 accipiendo
942 2344 1010 2387 non
1027 2323 1120 2387 nulla

98 2413 207 2498 gloria.
255 2411 372 2496 Quare,
396 2412 424 2476 si
448 2411 527 2496 quid
547 2413 721 2496 Θεοφάνης
739 2417 847 2476 tecum
870 2413 955 2477 forte
976 2411 1119 2477 contule-

98 2501 148 2586 rit,
168 2523 211 2566 ne
235 2501 369 2565 omnino
394 2500 583 2583 repudiaris.

159 2589 210 2654 De
232 2589 309 2654 istis
331 2588 428 2652 rebus
452 2593 602 2671 exspecto
626 2591 699 2652 tuas
728 2587 871 2672 litteras,
902 2589 979 2672 quid
1002 2587 1118 2653 Arrius
1138 2607 1154 2655 2

98 2682 211 2763 narret,
235 2699 301 2761 quo
326 2677 432 2742 animo
457 2699 491 2740 se
514 2677 708 2740 destitutum
726 2677 819 2760 ferat,
843 2681 876 2740 et
896 2677 952 2760 qui
971 2677 1118 2742 consules

68 2789 88 2830 a
100 2770 260 2850 parentur,
280 2769 402 2850 utrum,
420 2768 457 2828 ut
472 2764 585 2849 populi
603 2787 718 2848 sermo,
736 2764 909 2848 Pompeius
930 2770 962 2829 et
982 2763 1118 2830 Crassus

100 2876 145 2939 au,
166 2858 205 2918 ut
228 2854 313 2918 mihi
336 2853 501 2936 scribitur,
530 2875 603 2916 cum
626 2851 766 2918 Gabinio
791 2851 922 2918 Servius
947 2851 1120 2938 Sulpicius,

100 2948 129 3006 et
149 2965 231 3006 num
255 2963 338 3027 qnae
358 2963 462 3008 novae
484 2941 574 3026 leges
603 2946 635 3004 et
661 2963 740 3005 num
768 2941 847 3025 quid
875 2942 953 3006 novi
977 2943 1120 3026 omnino,

100 3035 137 3117 et,
159 3031 317 3115 qnoniam
335 3028 446 3114 Nepos
469 3029 694 3114 proficiscitur,
718 3030 847 3094 cuinam
871 3034 1050 3114 auguratus
1070 3031 1121 3094 de-

99 3119 233 3204 foratum
264 3140 329 3202 quo
361 3119 491 3202 quidem
521 3139 586 3183 uno
618 3138 677 3203 ego
710 3118 750 3182 ab
781 3117 853 3182 istis
881 3118 953 3201 capi
976 3139 1119 3201 possum.

66 3205 178 3272 aVide
200 3206 371 3272 levitatem
394 3229 508 3272 meam.
546 3204 609 3271 Sed
628 3205 707 3290 quid
730 3227 790 3290 ego
813 3206 901 3292 haec,
925 3228 1006 3290 quae
1025 3208 1120 3290 cupio

101 3296 257 3380 deponere
281 3300 314 3360 et
336 3299 407 3360 toto
432 3295 539 3360 animo
564 3300 663 3379 atque
686 3294 774 3358 omni
799 3316 875 3358 cura
898 3295 1121 3378 φιλοσοφεῖνῖ

102 3381 160 3469 Sic,
181 3385 328 3470 inquam,
345 3385 381 3448 in
399 3385 507 3448 animo
527 3386 589 3466 est3
612 3383 728 3448 vellem
748 3382 788 3446 ab
807 3382 913 3467 initio,
931 3404 1017 3448 nunc
1035 3403 1121 3464 vero,

18 3549 19 3560 χ
102 3473 266 3557 qnoniam,
298 3494 379 3556 quae
409 3470 522 3557 putavi
552 3493 622 3536 esse
652 3471 829 3555 praeclara,
865 3475 1016 3553 expertus
1048 3491 1121 3532 sum
