2586 3886
190 146 254 210 112
510 145 547 199 Μ.
568 144 675 198 TULLI
695 142 884 198 CICERONIS

661 393 733 458 VH.

313 515 370 571 Ser.
390 516 422 568 ia
435 515 570 583 Arpinati
588 531 623 568 m.
643 513 712 582 Apr.
733 519 783 568 out
801 513 874 566 Mat.
894 530 919 566 o.
941 516 997 566 693
1017 515 1086 581 (56).

510 635 639 691 CICERO
658 635 791 690 ATTICO
812 635 886 690 SAL.

153 765 168 814 1
254 746 348 812 Nihil
376 745 610 831 εὐκαιρότερον
638 745 777 828 epistula
805 747 875 830 tua,
903 765 984 827 quae
1011 765 1062 807 me
1091 743 1215 808 sollici·

189 840 260 899 tum
287 835 325 897 de
353 833 471 909 Quinto
503 837 617 897 nostro
623 885 632 920 ,
661 855 760 916 puero
792 833 915 916 optimo
922 885 930 918 ,
959 831 1050 896 valde
1078 831 1214 896 levavit.
1246 857 1258 896 5

188 923 330 987 Venerat
365 922 455 985 horis
488 920 612 984 duabus
648 925 723 984 ante
750 918 964 1004 Chaerippus,
1001 941 1088 1006 mera
1118 941 1214 984 mon-

190 1009 454 1076 abrenuntiaret.
499 1008 548 1072 De
569 1007 744 1093 Apollonio
770 1008 856 1092 quod
880 1008 1003 1095 scribis,
1027 1008 1083 1091 qui
1106 1008 1214 1072 illidi
1276 1043 1277 1046 ε

189 1099 278 1162 irati!
301 1098 426 1162 homini
451 1096 587 1182 Graeco,
610 1097 667 1180 qui
688 1098 860 1161 conturbat
884 1101 981 1180 atque
1002 1097 1087 1160 idern
1112 1100 1214 1180 putat

189 1187 253 1250 sibi
279 1186 375 1250 licere
403 1186 490 1269 quod
520 1185 684 1268 equitibus
712 1185 876 1250 Romanis.
923 1183 1008 1249 Nem
1036 1184 1213 1249 Terentius

152 1293 249 1341 cauo
272 1275 350 1338 iure.
396 1273 446 1338 De
469 1273 603 1338 Metello
1229 1300 1277 1364 ¹⁰}

480 1396 555 1481 ὀὐχ
578 1397 652 1480 ὁσίη
677 1395 915 1482 φθιμένοισιν,

190 1539 246 1604 sed
264 1543 372 1603 tamen
386 1539 498 1603 multis
514 1537 606 1602 onnia
621 1538 700 1602 civis
713 1559 808 1602 nemo
823 1541 892 1602 erat
905 1541 1062 1602 mortuus.
1095 1536 1212 1622 †Ouid
1276 1605 1277 1614 ,

190 1628 319 1712 quidem
342 1628 405 1691 tibi
432 1627 578 1690 nummi?
622 1648 694 1691 meo
722 1627 864 1710 periculo
895 1627 968 1690 sint.
1016 1624 1099 1701 Quid
1122 1628 1212 1691 enim

190 1717 332 1781 vereris?
356 1715 594 1798 Quemcumque
608 1712 756 1778 heredem
769 1716 856 1798 feeit,
873 1715 938 1778 nisi
952 1713 1104 1778 Publium
1122 1715 1211 1799 feeit,

189 1806 295 1870 virum
318 1805 394 1868 fecit
415 1825 483 1868 non
505 1802 745 1887 improbiorem,
773 1824 869 1886 quam
891 1803 955 1866 fuit
977 1803 1055 1886 ipse.
1102 1801 1211 1877 Quare
1226 1829 1254 1869 15

189 1893 225 1956 in
247 1893 309 1956 hoc
335 1892 462 1956 thecam
487 1890 703 1955 nummariam
735 1891 839 1974 †non
868 1891 1036 1974 retexeris,
1066 1891 1101 1954 in
1132 1891 1209 1956 aliis

191 1982 254 2044 eris
278 1981 411 2044 cautior.

153 2087 170 2136 3
256 2068 329 2132 Mea
351 2067 503 2131 mandata
526 2066 564 2130 de
594 2067 688 2131 domo
717 2067 858 2150 curabis,
889 2066 1049 2149 praesidia
1074 2067 1211 2154 locabis,

190 2156 345 2220 Milonem
374 2155 568 2220 admonebis.
615 2155 822 2238 Arpinatium
848 2156 997 2218 fremitus
1030 2159 1080 2220 est
1107 2157 1211 2221 incre-

190 2243 299 2308 dibilis
323 2244 361 2307 de
383 2242 522 2308 Laterio.
569 2242 652 2318 Ouid
675 2243 826 2326 quaeris?
850 2243 997 2327 equidem
1020 2243 1123 2330 dolui,
1226 2272 1253 2310 ao

435 2386 465 2452 ‘d
490 2383 527 2450 δὲ
550 2385 612 2450 οὐκ
635 2384 791 2470 ἐμπάζετο
815 2385 956 2469 μύθων’.

188 2526 274 2602 Quid
297 2527 465 2610 superest?
495 2526 619 2612 Etiam,
645 2547 782 2609 puerum
804 2522 991 2589 Ciceronem
1018 2526 1147 2591 curabis
1177 2534 1211 2593 et

190 2615 322 2698 amabis,
346 2617 382 2678 ut
405 2614 493 2678 facis.

654 2807 741 2872 VIII.

367 2927 425 2984 Ser.
444 2927 515 2982 Anti
533 2945 566 2981 m.
588 2919 657 2996 Apr.
677 2935 727 2982 nat
746 2929 819 2982 Mai.
839 2945 864 2982 a.
885 2932 942 2982 698
962 2931 1032 2996 (56).
1225 2941 1251 2981 τε

511 3049 640 3105 CICERO
659 3051 790 3107 ATTICO
811 3051 885 3105 SAL.

155 3177 170 3226 1
257 3161 362 3225 Multa
391 3182 442 3223 me
472 3159 507 3223 in
537 3159 678 3243 epistula
707 3163 765 3224 tua
793 3159 1005 3246 delectarunt,
1038 3159 1093 3223 sed
1124 3161 1211 3226 nihil

189 3250 294 3334 magis
324 3271 423 3333 quam
449 3248 561 3331 patina
588 3248 788 3330 tyrotarichi.
835 3247 918 3313 Nam
948 3247 986 3312 de
1014 3247 1209 3314 raudusculo

190 3338 276 3422 quod
300 3337 424 3421 scribis,

294 3460 401 3545 ’μήπω
425 3459 495 3546 μέγ’
525 3467 628 3546 εἴπῃς,
650 3456 732 3544 πρὶν
754 3457 981 3542 τελευτήσαντ’
1010 3459 1105 3544 ἴδῃςὶ
1225 3489 1250 3528 30
