2560 3880
196 149 260 214 548
511 147 548 201 M.
568 147 675 202 TULLI
693 145 880 202 CICERONIS

197 290 259 355 Sed
287 290 440 374 quaedam
467 289 547 353 mihi
569 289 761 353 videtur-
785 287 862 372 quid
889 286 1014 352 dicam?
1052 286 1229 370 imperite

196 379 246 442 vir
273 379 416 442 omnium
443 377 709 461 prudentissimus
732 399 774 440 an
796 376 966 440 ambitiose
987 375 1129 460 fecisse,
1164 377 1228 460 qui

196 466 450 530 valentissimum
472 464 650 530 Antonium
673 466 832 547 suscipere
854 484 913 547 pro
936 463 1131 546 republica
1152 486 1228 528 non

197 554 352 618 dubitarit
384 554 558 618 inimicum.
598 551 729 639 Nescio,
760 553 838 636 quid
869 551 1005 615 scribam
1032 551 1120 637 tibi,
1153 553 1226 616 nisi

197 663 309 726 unum,
337 642 429 725 pueri
456 646 488 705 et
515 640 722 723 cupiditatem
749 644 782 704 et
808 640 970 704 licentiam
996 639 1114 721 potius
1146 662 1257 704 esse:¹

197 730 355 793 irritatam
379 752 475 813 quam
496 750 673 812 repressam
697 751 715 792 a
733 726 894 813 Cicerone,
916 731 1113 810 tantumque
1141 750 1226 792 eum

197 817 337 881 tribuere
363 817 438 881 huic
464 817 694 902 indulgentiae,
725 819 761 879 ιιι
785 837 819 880 se
840 815 1017 880 maledictis
1039 836 1114 879 non
1143 817 1224 881 abs-

197 905 299 969 tineat
326 905 366 968 iis
394 905 531 990 quidem,
559 927 639 988 quae
666 905 701 968 in
727 904 833 987 ipsum
855 903 1022 987 dupliciter
1044 903 1223 988 recidunt,

199 993 296 1093 quod·
311 996 343 1057 et
365 991 473 1075 plures
496 992 612 1056 occidit
633 1013 697 1056 uno
721 1013 818 1075 seque
839 993 929 1074 prius
952 993 1081 1074 oportet
1105 991 1223 1057 fatea—

198 1084 252 1144 tur
271 1081 429 1165 sicarium,
451 1102 547 1163 quam
566 1078 827 1163 obiciathscae,
850 1080 937 1163 quod
955 1079 1061 1161 obicit,
1081 1081 1254 1145 et1mi-10

198 1172 287 1232 tatur
309 1168 344 1230 in
366 1133 464 1231 Casca
486 1168 636 1232 Bestiam.
673 1166 735 1253 An,
757 1168 919 1250 quianon
943 1127 1092 1230 omnibirs
1114 1167 1219 1232 horis

198 1255 353 1319 iactamus
375 1253 451 1319 Idus
473 1255 607 1320 Martias
630 1220 787 1340 similiter,
810 1259 905 1338 atque
927 1254 982 1318 ille
1003 1252 1121 1318 Nonas
1151 1255 1219 1320 De

199 1342 340 1406 cembres
362 1365 436 1407 suas
459 1343 493 1406 in
516 1365 570 1407 ore
592 1343 703 1428 habet,
729 1364 766 1407 eo
789 1343 919 1408 meliore
943 1341 1135 1407 condicione
1164 1343 1219 1408 (li-
1266 1403 1267 1428 ,

200 1453 271 1495 cero
298 1430 564 1514 pulcherrimum
574 1432 695 1495 factum
725 1453 757 1495 ιι
750 1430 935 1514 tuperabit,
967 1452 1062 1514 quam
1091 1429 1218 1496 Bestia
1266 1459 1267 1468 2

200 1516 385 1583 etOlodius
408 1509 635 1602 reprehendere
657 1519 744 1583 illius
768 1519 969 1582 consulatum
992 1517 1081 1581 soliti
1103 1522 1250 1584 suntla

166 1625 181 1673 ι
201 1606 287 1672 Sus
264 1606 399 1671 tinuisse
425 1607 505 1670 mihi
528 1607 685 1692 gloriatur
707 1606 827 1670 bellum
849 1605 972 1670 Antoni
993 1609 1132 1690 togatus
1161 1607 1216 1673 Oi·
1266 1657 1267 1686 ,

200 1716 271 1758 cero
293 1697 416 1759 noster!
447 1693 529 1770 Quid
551 1694 612 1759 hoc
632 1695 711 1758 mihi
730 1695 870 1778 prodest,
893 1694 921 1758 si
938 1715 1057 1758 merces
1076 1692 1215 1759 Antoni

201 1783 345 1866 oppressi
376 1783 518 1865 poscitur
549 1783 583 1845 in
614 1781 736 1846 Antoni
767 1781 873 1846 locum
905 1781 1076 1866 successio,
1110 1787 1149 1846 et
1185 1785 1214 1847 si

200 1871 317 1934 vindex
334 1869 421 1933 illius
440 1869 517 1934 mali
536 1874 646 1934 auctor
665 1870 789 1934 exstitit
807 1869 938 1934 alterius
958 1869 1213 1935 fundamentum

201 1957 375 2023 etradices
397 1957 541 2022 habituri
562 1958 702 2043 altiores,
724 1958 753 2022 si
775 1957 955 2040 patiamur?
985 1961 1021 2020 ut
1007 1958 1111 2021 tiam
1131 1959 1212 2042 ista,
1226 1983 1246 2020 ιι

201 2067 282 2131 quae
303 2045 389 2130 facit,
411 2046 563 2109 dominat
539 2049 660 2109 tionem
683 2068 724 2110 an
746 2046 910 2109 dominum
933 2045 989 2128 [an
1005 2044 1210 2147 Antonium]

200 2134 325 2198 timent
316 2155 345 2197 rs
301 2098 442 2198 tsint.
478 2133 550 2218 Ego
574 2137 629 2197 aut
631 2154 681 2197 em
699 2137 771 2217 grat
772 2132 836 2196 iam
853 2154 919 2197 non
936 2132 1049 2218 habeo,
1072 2133 1101 2197 si
1120 2136 1211 2221 quis,

200 2221 276 2286 dum
310 2243 351 2285 ne
386 2221 469 2285 irato
506 2222 635 2306 serviat,
667 2243 734 2285 rem
770 2220 874 2304 ipsam
908 2242 974 2285 non
1005 2189 1211 2303 deprecatur.

200 2308 349 2373 Immot
335 2308 517 2410 triumphus
547 2313 579 2372 et
606 2273 800 2392 stipendium
827 2311 859 2372 et
887 2309 1035 2373 omnibus
1065 2308 1208 2374 decretis

200 2396 356 2480 hortatio,
381 2419 422 2461 ne
444 2398 512 2461 eius
535 2397 652 2480 pudeat
674 2397 894 2479 concupiscere
916 2397 1088 2480 fortunam,
1110 2397 1243 2462 cuiusa

166 2501 317 2548 enomen
339 2485 521 2570 susceperit,
542 2484 717 2549 consularis
739 2489 794 2548 aut
813 2482 975 2548 Ciceronis
994 2484 1063 2548 est?
1097 2482 1206 2559 Quon-

201 2571 265 2634 iam
291 2571 371 2634 mihi
397 2576 501 2636 tacere
527 2593 593 2635 non
618 2571 723 2657 licuit,
749 2572 849 2656 leges,
877 2594 957 2655 quae
984 2571 1046 2635 tibi
1073 2593 1205 2636 necesse

202 2661 250 2721 est
282 2659 417 2724 molesta
448 2681 524 2724 esse.
574 2658 705 2724 Etenim
735 2660 805 2743 ipse
832 2660 948 2744 sentio,
980 2663 1099 2742 quanto
1128 2681 1204 2723 cum

202 2746 311 2810 dolore
333 2746 409 2811 haec
432 2748 471 2812 ad
493 2751 526 2811 te
549 2748 739 2833 scripserim,
760 2769 818 2811 nec
840 2748 964 2832 ignoro,
987 2745 1063 2830 quid
1081 2749 1203 2810 sentias
1263 2745 1264 2752 '

200 2835 234 2898 in
257 2855 291 2896 re
314 2834 623 2919 publica,etequam
646 2836 844 2919 desperatam
867 2857 993 2918 quoque
1017 2835 1123 2898 sanari
1145 2858 1203 2919 pu·
1219 2862 1241 2900 ιι

201 2926 250 2986 tes
273 2942 374 3003 posse
415 2920 483 2986 Nec
504 2923 681 2988 mehercule
699 2927 741 3008 te,
762 2923 832 2987 Att
793 2927 878 3006 ttice,
900 2922 1105 3006 reprehende.
1142 2923 1204 2986 Ae

201 3014 252 3074 tas
275 3009 368 3093 enim,
390 3031 504 3094 mores,
525 3011 619 3074 liberi
643 3032 771 3096 segnem
791 2973 945 3074 efficiirnt·
938 3009 1054 3095 ,quod
1072 3009 1203 3093 quidem

166 3115 219 3162 4e
203 3098 299 3161 etiam
323 3119 361 3160 ex
384 3095 495 3161 Flavio
518 3102 628 3162 nostro
651 3100 805 3182 perspexi.
852 3097 914 3163 Sed
935 3061 1029 3162 iedeo
1053 3099 1092 3161 ad
1116 3097 1203 3162 Cice-

200 3206 318 3248 ronem.
355 3183 464 3260 Quid
455 3188 504 3248 mt
505 3206 539 3248 er
490 3183 773 3251 tSalvidienum
792 3191 824 3250 et
842 3208 913 3251 eum
931 3185 1086 3250 interest?
1120 3184 1203 3260 Quid

202 3276 257 3334 aut
259 3293 308 3334 em
331 3273 466 3355 amplius
485 3273 539 3335 ille
557 3273 759 3338 decerneret?
791 3274 918 3337 Timet
893 3273 1068 3358 t,inquis,
1092 3273 1201 3337 etiam
1216 3297 1236 3338 ιι

200 3378 285 3421 nunc
307 3360 458 3443 reliquias
481 3360 558 3423 belli
581 3361 703 3425 civilis?
744 3360 918 3445 Quisquam
942 3381 1017 3445 ergo
1041 3361 1087 3424 ita
1109 3361 1202 3424 timet

200 3446 421 3536 profligatum,
447 3451 483 3512 ιιι
509 3468 611 3530 neque
637 3449 815 3531 potentiam
843 3450 923 3532 eius,
951 3449 1007 3532 qui
1030 3447 1202 3512 exercitum
