2564 3880
169 179 236 243 462
273 178 309 232 Μ.
326 178 432 232 TULLI
452 177 641 234 CICERONIS
660 177 773 233 EPIST.
792 177 842 230 AD
862 177 1027 232 ATTIGUM
1046 178 1114 232 XIV
1132 184 1174 232 22,

169 323 232 386 teti
252 345 373 387 sumus,
410 321 534 386 Deinde
552 322 675 387 habent
693 323 728 386 in
747 343 802 386 cre
820 343 881 385 nos
899 322 1057 406 ingratos.
1091 320 1191 386 Nullo

170 411 267 476 modo
290 411 409 494 licebit,
433 410 520 494 quod
543 414 615 474 tum
639 414 671 474 et
694 410 757 473 tibi
779 410 872 474 licuit
896 415 928 474 et
946 411 1070 474 multis.
1110 415 1191 475 Φαι-

171 498 451 583 νοπροσωπητέον
474 519 551 583 ergo
576 503 610 562 et
634 497 723 564 ἰτέον
740 499 775 562 in
794 500 922 563 castre?
959 498 1090 564 Miliens
1110 499 1190 563 mori

171 588 297 672 melius,
325 588 401 652 huic
424 587 615 671 praesertim
638 587 746 651 aetati.
791 587 907 670 Itaque
929 609 981 651 me
1004 586 1082 652 Idus
1106 587 1188 651 Mar-

172 677 238 740 tiae
259 698 326 740 non
348 679 416 739 tam
440 675 648 740 consolantur
672 698 769 759 quem
789 679 891 739 antea.
928 674 1085 761 Magnum
1105 676 1211 740 enimc

172 765 325 829 mendum
348 763 523 828 continent.
569 763 644 828 Etsi
667 764 717 828 illi
739 764 871 827 iuvenes

254 888 383 964 ‘illicce
406 886 443 952 ἐν
466 886 601 964 ἐσθλοῖς
623 885 713 952 τόνδ’
741 886 958 953 ἀπωθοῦνται
981 886 1112 968 ψόγον)

175 1027 246 1111 Sed,
270 1029 298 1092 si
317 1032 354 1092 tu
372 1029 487 1093 melius
508 1028 673 1112 quidpiam
692 1050 811 1111 sperae,
830 1028 917 1112 quod
935 1031 968 1092 et
985 1028 1080 1112 plura
1098 1027 1187 1092 audis
1257 1013 1258 1096 l

175 1121 207 1180 et
230 1117 349 1181 interes
373 1117 526 1199 consiliis,
552 1117 674 1181 scribes
698 1117 811 1180 adme
834 1117 931 1180 velim
955 1117 1116 1200 simulque
1138 1136 1188 1179 co-

175 1205 269 1288 gitem
300 1205 378 1288 quid
401 1205 560 1289 egendum
583 1205 678 1270 nobis
703 1205 746 1269 sit
770 1226 867 1288 super
888 1204 1051 1290 legatione
1073 1204 1219 1269 votivum

175 1292 335 1376 Equidem
364 1293 399 1356 in
427 1293 478 1357 his
502 1293 582 1358 locis
606 1315 739 1358 moneor
763 1316 781 1357 a
803 1293 932 1378 multis,
957 1315 999 1357 ne
1021 1293 1056 1357 in
1080 1295 1188 1357 senatu

175 1381 337 1445 Kalendis.
374 1381 535 1446 Dicuntur
558 1381 644 1445 enim
668 1381 792 1446 occulte
814 1381 936 1446 milites
960 1381 1090 1445 adeam
1108 1381 1187 1444 diem

176 1469 354 1553 comparari
378 1474 410 1533 et
435 1470 563 1553 quidem
586 1470 622 1533 in
644 1470 742 1555 istoc,
765 1470 821 1553 qui
844 1470 926 1534 mihi
950 1469 1101 1534 videntur
1123 1468 1186 1534 ubi-

175 1558 225 1622 vis
248 1558 352 1622 tutius
377 1580 474 1641 quem
497 1558 532 1622 in
555 1561 670 1622 senatu
693 1558 770 1623 fore.
