2560 3880
176 183 242 249 506
507 182 544 237 M.
564 181 671 236 TULLI
689 179 880 236 CICERONIS

176 327 265 409 navi,
297 325 353 389 sed
380 324 503 407 aliquid
529 324 594 388 telo
621 324 733 407 putavi
760 323 837 387 fore.
884 321 980 386 Nune
1004 327 1099 386 tuum
1123 343 1188 386 eon-

178 415 287 478 silium
309 413 451 496 exquire.
488 411 667 476 Romamne
690 411 783 475 venio
808 433 850 474 an
867 410 920 474 hio
938 432 1054 474 maneo
1075 432 1118 474 an
1134 409 1188 473 Ar·

176 503 290 586 pinum
323 499 521 587 (demolitam
549 501 649 563 habet
675 500 703 564 is
730 495 834 584 loeus)
860 497 1008 582 'fugiamP
1045 497 1188 582 Romam,

177 612 217 654 ne
240 589 467 671 desideremur,
496 587 625 671 siquid
649 591 755 651 aetum
779 586 948 650 videbitur.
994 585 1070 650 Hoc
1093 586 1188 670 igitur

178 679 308 761 explica
353 675 540 758 Numquam
562 677 598 739 in
620 675 740 738 maiore
763 675 886 760 ἀπορίᾳ
908 674 963 738 fui.
1209 697 1218 736 1

657 848 713 914 IX.

315 971 372 1028 Ser.
386 971 418 1025 iu
436 971 589 1026 Puteolano
603 971 678 1039 prid.
693 971 769 1025 Nou.
784 970 855 1024 Nou.
871 987 897 1024 a.
912 974 967 1025 710
986 973 1056 1038 (44).

481 1092 626 1148 CICERO
643 1091 790 1146 ATTICO
808 1093 891 1148 SAL.

243 1201 344 1265 Binse
375 1222 440 1264 uno
469 1201 519 1264 die
551 1201 631 1265 mihi
659 1200 788 1265 litterae
815 1201 855 1264 ab
884 1199 1077 1285 Octaviano,
1109 1221 1189 1264 nuno

178 1290 316 1374 quidem,
338 1293 376 1352 ut
397 1288 535 1352 Romam
557 1289 669 1352 statim
693 1289 834 1372 veniam3
856 1288 939 1352 velle
958 1310 992 1352 se
1009 1310 1080 1352 rem
1099 1309 1189 1372 egere
1200 1312 1220 1350 10

177 1401 234 1461 per
267 1380 421 1442 senatum.
468 1374 529 1440 Cui
561 1398 620 1461 ego
652 1398 719 1440 non
750 1398 845 1459 posse
876 1380 1024 1440 senatum
1051 1380 1127 1440 ante
1154 1375 1188 1438 K

177 1465 317 1549 Ianuar,
353 1464 439 1548 quod
472 1464 601 1547 quidem
633 1465 680 1528 ita
712 1464 813 1528 erede.
869 1461 928 1528 Ille
962 1467 1069 1528 autem
1104 1465 1190 1528 addit

178 1553 323 1618 ‘oonsilio
356 1551 434 1616 tuo'.
486 1551 568 1627 Quid
601 1552 725 1616 multa?
761 1551 817 1616 ille
848 1555 957 1636 urget,
989 1573 1050 1636 ego
1085 1556 1190 1616 autem
1262 1550 1263 1630 1

179 1643 369 1724 σκήπτομαι.
414 1638 491 1703 Non
518 1640 643 1704 oonfido
671 1640 784 1724 aetati,
817 1640 946 1724 ignoro,
978 1662 1043 1722 quo
1073 1640 1189 1704 animo.

177 1728 236 1793 Nil
266 1729 335 1793 sine
361 1727 465 1791 Pansa
497 1731 555 1791 tuo
582 1727 665 1791 volo.
717 1727 853 1811 Vereor,
884 1731 925 1791 ne
953 1728 1060 1792 valeat
1090 1726 1191 1792 Anto-
1203 1750 1223 1790 1⁵

177 1818 264 1900 nius,
291 1838 350 1880 nee
377 1838 396 1878 a
425 1815 507 1878 mari
530 1814 691 1880 discedere
712 1815 808 1900 libet,
837 1819 870 1879 et
891 1819 1014 1899 metuo,
1042 1837 1083 1878 ne
1111 1837 1192 1899 quae

178 1904 326 1989 ἀριστεία
353 1925 403 1968 me
432 1904 569 1967 absente.
616 1901 757 1967 Varroni
784 1903 912 1986 quidem
940 1903 1089 1987 displicet
1121 1925 1192 1968 oon·
1263 1936 1264 2010 q

178 1993 286 2056 silium
308 1990 409 2075 pueri,
437 1991 517 2054 mihi
539 2012 613 2054 non.
660 1989 695 2054 si
718 1991 826 2068 firmas
850 1991 958 2074 copias
980 1991 1090 2075 habet,
1113 1991 1192 2055 Bru-
1263 2015 1264 2040 ³

178 2084 249 2144 tum
278 2080 396 2144 habere
428 2082 551 2163 potest,
583 2082 615 2141 et
644 2101 713 2142 rem
743 2079 827 2162 gerit
859 2079 974 2162 palam.
1021 2077 1193 2142 Centurist

178 2165 320 2253 Capuae,
349 2168 537 2230 dinumerat.
583 2163 653 2229 Iam
687 2167 814 2249 iamque
841 2167 934 2231 video
963 2167 1094 2230 bellum.
1141 2167 1227 2230 Aea

177 2256 255 2320 haee
276 2255 424 2319 rescribe.
463 2254 680 2318 Tabellarium
704 2276 812 2318 meum
834 2253 967 2318 Kalend
991 2253 1099 2318 Roma
1121 2277 1194 2338 pro·

177 2345 296 2408 fectum
320 2344 388 2407 sine
410 2341 476 2406 tuis
499 2342 618 2406 litteris
641 2343 749 2406 miror.

667 2516 705 2580 X.

336 2637 392 2691 Sor.
408 2638 440 2690 iu
459 2638 625 2692 Sinuessano
644 2635 689 2688 VI
702 2636 746 2689 Id.
759 2637 830 2690 Noe.
846 2653 871 2696 a.
888 2640 942 2692 710
962 2639 1029 2705 (44).

482 2757 627 2813 CICERO
643 2758 790 2813 ATTICO
808 2759 890 2814 SAL.
1207 2768 1229 2807 25

144 2884 158 2931 1
245 2883 296 2929 vn
323 2864 368 2929 Id.
392 2866 464 2929 veni
494 2867 534 2930 ad
560 2890 611 2932 me
640 2866 675 2930 in
704 2864 941 2930 Sinuessanum.
987 2865 1113 2930 Eodem
1141 2866 1194 2930 die

178 2955 276 3038 vulgo
300 2953 516 3037 loquebantur
539 2954 719 3019 Antonium
741 2976 929 3018 mansurum
952 2975 1023 3018 esse
1049 2952 1193 3018 Casilini.

178 3041 293 3124 Itaque
315 3041 440 3105 mutavi
463 3042 648 3126 eonsilium3
671 3045 847 3106 statueram
870 3042 956 3106 enim
979 3045 1066 3106 reeta
1085 3041 1195 3125 Appia

177 3128 323 3193 Romam.
369 3127 475 3192 Facile
497 3150 549 3192 me
571 3129 626 3192 ille
649 3133 734 3194 esset
757 3131 936 3194 adsecutus.
978 3127 1083 3194 Aiunt
1106 3131 1192 3194 enim

179 3238 252 3280 eum
288 3214 457 3281 Caesarina
501 3217 550 3280 uti
588 3216 759 3282 eeleritate.
812 3217 905 3282 Verti
944 3217 1046 3302 igitur
1082 3240 1135 3282 me
1175 3240 1231 3282 aso

178 3303 358 3367 Menturnis
384 3302 544 3386 Arpinum
566 3325 685 3368 versus.
732 3302 982 3389 Constitueram,
1007 3309 1045 3370 ut
1068 3323 1092 3369 v
1114 3303 1193 3370 Idus

143 3405 159 3452 2
180 3395 235 3452 aut
257 3388 380 3474 Aquini
401 3413 562 3455 manerem
585 3396 642 3454 aut
663 3391 698 3454 in
716 3390 851 3457 Areano.
886 3391 991 3476 Nune,
1014 3394 1060 3457 mi
1073 3393 1194 3475 Attice,

179 3480 249 3540 tota
276 3483 382 3544 mente
404 3479 552 3544 incumbe
576 3478 611 3542 in
632 3477 715 3541 hano
737 3499 860 3564 euram3
891 3501 1009 3566 magna
1032 3481 1118 3546 enirn
1140 3503 1193 3546 res
