2586 3886
268 173 528 229 EPISTULARUM
547 173 597 228 AD
614 174 779 230 ATTIOUM
797 176 836 230 IV
855 183 973 233 8a-11.
1067 179 1132 244 115

102 319 192 383 velle
230 317 314 382 milri
353 318 443 382 visus
480 321 530 381 est
571 339 668 402 quam
706 317 891 384 Messallam
928 322 1132 387 consulatum

103 411 229 491 petere.
275 404 325 470 De
350 427 413 490 quo
437 406 509 488 ipso
534 407 563 469 si
586 407 665 489 quid
687 407 765 491 1111,
787 409 885 472 velim
908 409 997 473 scire.

178 493 273 570 Quod
295 492 432 558 Lucceio
456 493 570 558 scribis
592 499 626 558 11
647 498 794 559 nostram
817 496 955 580 gloriam
974 513 1166 562 commen-2

107 583 277 667 daturum,
305 585 338 646 et
366 581 545 646 aedificium
577 586 727 648 nostrum
755 584 841 667 quod
868 585 980 650 crebro
1008 586 1131 668 invisis,

82 674 253 756 agrotum.
300 668 440 746 Quintus
467 669 568 734 frater
596 670 636 734 ad
662 693 713 735 me
742 671 872 754 scripsit
899 695 946 758 se,
979 674 1132 756 quoniam

109 757 302 824 Ciceronem
332 758 560 822 suavissimum
587 761 694 823 tecum
719 757 869 846 haberes,
899 760 938 824 ad
965 765 998 825 te
1025 761 1131 828 Nonis

107 847 209 912 Maiis
229 850 410 911 venturum.
447 845 520 930 Ego
543 868 594 910 me
618 846 656 910 de
675 845 820 912 Cumano
843 849 931 914 movi
954 850 1129 914 antediem

108 954 133 1000 v
151 935 226 999 Kal.
254 933 366 1000 Maiae.
415 933 466 998 Flo
495 934 546 998 die
574 933 713 1019 Neapoli
743 936 829 1018 apud
855 934 999 1002 Paetum.
1043 937 1132 1002 Ante

108 1024 198 1088 diem
219 1040 273 1087 1111
294 1022 367 1087 Kal.
390 1021 493 1086 Maias
517 1023 587 1086 iens
615 1023 651 1087 in
672 1022 904 1108 Pompeianum
931 1026 1012 1090 bene
1038 1047 1132 1090 mane

72 1138 96 1178 10
107 1112 191 1176 haec
214 1111 340 1194 scripsi.

605 1249 635 1314 X

284 1354 341 1409 Ser.
360 1353 392 1407 iu
412 1352 535 1408 Germano
552 1353 604 1407 IX
619 1353 657 1407 K.
678 1354 751 1408 Mai.
772 1371 797 1408 a.
818 1359 874 1409 699
893 1359 962 1424 (55).

436 1439 565 1496 CICERO
584 1440 717 1495 ATTICO
739 1441 813 1497 SAL.

178 1532 325 1597 Puteolis
356 1552 494 1616 magnus
526 1534 576 1595 est
607 1553 718 1596 rumor
746 1532 970 1597 Ptolomaeum
1002 1556 1071 1599 esse
1098 1535 1166 1600 1111

71 1649 96 1690 15
109 1643 222 1707 regno.
271 1619 306 1685 si
334 1619 412 1704 quid
433 1618 533 1683 habes
561 1619 695 1704 certius,
722 1618 820 1684 velim
848 1621 937 1685 scire.
983 1620 1056 1706 Ego
1079 1622 1133 1687 hie

110 1732 228 1794 pascor
260 1707 458 1772 bibliotheca
490 1705 611 1771 Fausti.
658 1705 808 1772 Fortasse
840 1710 878 1772 tu
909 1709 1049 1792 putabas
1081 1708 1132 1774 his

19 1829 20 1850 1
109 1799 210 1862 rebus
237 1795 425 1862 Puteolanis
457 1799 490 1859 et
515 1793 776 1860 Lucrinensibus.
822 1794 873 1861 Ne
906 1797 971 1860 ista
1003 1797 1133 1880 quidem

111 1887 239 1951 desunt.
287 1883 348 1949 Sed
370 1883 549 1948 mehercule
573 1906 592 1948 a
615 1883 729 1948 ceteris
750 1883 1022 1948 oblectationibus
1047 1885 1133 1949 dese·

111 1996 168 2038 101
192 1977 224 2038 11
247 1973 489 2057 †voluptatum
511 1975 645 2056 propter
662 1993 731 2036 rem
754 1972 924 2055 publicam.
972 1972 1025 2038 Sic
1046 1973 1132 2037 litte·

73 2090 99 2128 20
112 2063 160 2126 ris
183 2064 350 2125 sustentor
373 2063 405 2123 et
427 2081 552 2124 recreor
579 2060 729 2143 maloque
758 2060 793 2124 in
816 2060 872 2124 illa
895 2064 953 2125 tua
976 2060 1132 2145 sedecula,

114 2172 213 2234 quam
234 2148 335 2213 habes
358 2148 419 2212 sub
447 2148 587 2232 imagine
609 2147 812 2230 Aristotelis,
841 2149 949 2213 sedere
977 2171 1075 2233 quam
1097 2150 1133 2214 in

112 2240 255 2303 istorum
278 2237 355 2301 sella
378 2237 482 2300 curuli
502 2241 672 2319 tecumque
691 2236 776 2320 apud
795 2240 827 2300 te
846 2237 1010 2301 ambulare
1034 2260 1132 2321 quam

113 2349 188 2390 cum
212 2347 260 2410 eo,
284 2346 422 2409 quocum
444 2324 536 2388 video
560 2345 628 2388 esse
651 2324 890 2390 ambulandum.
929 2323 991 2390 Sed
1015 2326 1053 2390 de
1075 2326 1132 2390 illa

115 2413 334 2478 ambulatione
361 2414 429 2477 fors
456 2411 587 2497 viderit,
619 2416 675 2476 aut
707 2413 736 2476 si
764 2412 820 2496 qui
853 2417 916 2499 est,
948 2415 1005 2496 qui
1034 2419 1132 2498 curet,

75 2528 101 2570 aa
116 2502 207 2584 deus3
224 2505 371 2566 nostram
390 2500 641 2564 ambulationem
661 2503 693 2563 et
707 2498 902 2564 Laconicum
921 2523 1031 2587 eaque,
1050 2525 1131 2586 quae
1150 2518 1166 2566 1

19 2587 20 2600 ’
117 2589 220 2674 Cyrea
234 2591 309 2673 sint,
327 2589 432 2671 velim,
452 2588 539 2673 quod
555 2588 687 2672 poteris,
704 2588 825 2652 invisas
845 2593 878 2653 et
896 2610 1011 2674 urgeas
1025 2588 1133 2654 Philo-

115 2679 242 2762 timum,
264 2681 302 2741 ut
324 2680 483 2761 properet,
506 2681 543 2740 ut
561 2676 685 2760 possim
699 2676 760 2740 tibi
775 2676 897 2760 aliquid
910 2677 946 2740 in
960 2699 997 2741 eo
1017 2699 1133 2763 genere

116 2766 315 2852 respondere.
364 2763 538 2849 Pompeius
570 2764 606 2828 in
633 2761 814 2828 Cumanum
841 2763 1004 2829 Parilibus
1035 2767 1132 2831 venit.

117 2855 208 2919 Misit
231 2855 346 2919 adme
369 2855 494 2936 statim,
524 2853 580 2936 qui
603 2852 741 2916 salutem
763 2853 938 2917 nuntiaret.
983 2853 1036 2918 Ac
1060 2877 1133 2918 eum

79 2943 272 3028 sopostridie
295 2963 388 3006 mane
411 2941 575 3024 radebam,
599 2941 774 3004 cumliaco
798 2941 923 3025 scripsi.

597 3115 653 3182 Xl

289 3220 347 3276 Ser.
366 3222 399 3276 iu
418 3219 600 3276 0111101011.
620 3238 654 3274 m.
675 3221 749 3275 Mai.
769 3238 795 3274 u.
816 3225 871 3276 699
890 3223 959 3290 (55).

438 3307 567 3364 CICERO
586 3308 718 3363 ATTICO
739 3307 813 3363 sAL.

182 3399 393 3465 Delectanmt
425 3421 477 3464 me
510 3400 667 3483 epistulae
699 3402 788 3482 tuae,
822 3421 901 3482 quas
935 3396 1041 3481 accepi
1068 3412 1168 3461 uuor

78 3495 261 3573 astempore
284 3489 362 3554 duas
385 3488 563 3553 antediem
582 3507 606 3552 v
624 3487 694 3551 Kal.
732 3484 834 3572 Perge
852 3487 985 3569 reliqua.
1024 3483 1133 3549 (111110

939 3586 974 3640 8*
