2616 3884
296 144 553 198 EPISTULARUM
571 145 620 198 AD
639 143 803 198 ATTICUM
820 144 873 197 VII
892 151 916 212 2,
936 151 979 200 3..
1070 144 1132 208 191

185 288 235 353 De
259 287 451 352 raudusculo
474 285 673 351 Numeriano
701 287 841 350 multum
868 291 902 350 te
925 309 1005 351 amo.
1052 287 1169 353 Hor-r

115 378 244 442 tensius
268 377 345 460 quid
368 376 483 461 egerit,
515 398 592 440 aveo
617 375 710 459 scire,
741 373 821 439 Cato
850 375 929 460 quid
957 380 1045 460 agat3
1078 377 1135 460 qui

117 465 250 550 quidem
273 465 309 528 in
330 487 380 528 me
403 464 542 547 turpiter
565 464 628 528 fuit
650 463 837 528 malevolus.
881 462 980 528 Dedit
1002 464 1135 548 integri·

118 555 208 638 tatis,
231 553 386 637 iustitiae,
404 553 599 637 clementiae,
616 552 691 616 fidei
704 551 786 615 mihi
799 551 1030 635 testimonium,
1048 552 1135 635 quod

93 664 188 709 anon
212 642 416 726 quaerebam;
442 642 527 724 quod
549 640 763 724 postulabam,
785 639 819 703 id
840 639 979 724 negavit.
1021 637 1135 723 Itaque

122 729 241 794 Caesar
268 729 309 793 iis
336 729 470 812 litteris,
501 728 620 812 quibus
647 728 727 792 mihi
757 728 939 812 gratulatur
967 731 1000 792 et
1028 728 1136 792 omnia

121 819 306 902 pollicetur,
339 839 402 900 quo
435 816 530 881 modo
562 816 702 880 exsultat
731 815 862 880 Catonis
892 817 927 880 in
953 837 1003 880 me
1029 816 1135 900 ingra-

122 907 243 972 tissimi
265 906 395 970 iniuria!
440 903 486 968 At
508 904 562 968 hic
590 905 675 968 idem
697 904 815 968 Bibulo
838 905 955 988 ,iffi
1000 903 1135 988 Ignosce

123 995 218 1080 mihi,
239 1016 305 1059 non
327 1015 460 1076 possum
482 992 560 1056 haec
582 993 666 1057 ferre
688 1015 746 1056 nec
768 993 877 1056 feram.

81 1110 109 1149 ιο
192 1082 295 1167 Cupio
320 1083 359 1145 ad
382 1103 492 1146 omnes
516 1085 589 1145 tuas
618 1080 787 1166 epistulas,
815 1081 869 1144 sed
895 1080 979 1144 nihil
1004 1101 1134 1144 necesse
1154 1095 1171 1144 8

125 1175 188 1256 est3
210 1171 276 1234 iam
293 1171 379 1234 enim
397 1173 430 1234 te
447 1170 572 1234 videbo.
608 1166 695 1232 Illud
712 1173 821 1232 tamen
839 1169 877 1232 de
897 1167 1078 1253 Chrysippo
1093 1205 1136 1216 -

124 1281 199 1323 nam
231 1259 270 1322 de
301 1259 402 1322 altero
434 1257 491 1322 illo
523 1258 630 1321 minus
663 1279 734 1321 sum
766 1257 957 1341 admiratus,
989 1259 1136 1340 operario

125 1348 268 1431 homine;
296 1347 351 1410 sed
377 1351 486 1411 tamen
511 1367 553 1410 ne
579 1345 637 1410 illo
665 1345 793 1430 quidem
821 1345 992 1429 quiequam
1020 1346 1137 1430 impro-

126 1437 207 1502 bius.
255 1433 472 1518 Chrysippum
495 1456 585 1518 vero,
615 1455 709 1517 quem
737 1454 796 1518 ego
825 1437 958 1518 propter
981 1433 1137 1498 litterula-

84 1549 112 1590 15
126 1547 199 1588 rum
222 1523 328 1587 nescio
352 1524 429 1607 quid
452 1523 590 1587 libenter
612 1522 687 1606 vidi,
711 1521 746 1585 in
768 1521 891 1585 honore
908 1520 1017 1606 habui,
1041 1523 1137 1586 disee-

128 1613 201 1678 dere
230 1633 370 1695 apuero
398 1611 553 1674 insciente
580 1612 644 1674 me!
690 1609 788 1673 Mitto
821 1609 896 1693 alia,
930 1631 1010 1692 quae
1042 1610 1137 1673 audio

126 1700 243 1785 multa,
269 1700 366 1763 mitto
389 1700 489 1783 furta3
515 1700 627 1783 fugam
653 1719 720 1762 non
746 1698 829 1783 fero,
857 1719 920 1780 qua
947 1695 1028 1759 mihi
1055 1697 1138 1760 nihil

126 1789 233 1854 visum
266 1792 314 1852 est
347 1787 539 1852 sceleratius
591 1784 705 1870 Itaque
741 1785 896 1868 usurpavi
927 1788 1020 1848 vetus
1056 1785 1138 1847 illud

126 1876 237 1962 Drusi,
258 1880 296 1939 ut
318 1876 436 1959 ferunt,
460 1875 618 1958 praetoris
640 1875 740 1958 inec,
765 1874 820 1957 qui
840 1873 948 1937 eadem
971 1872 1054 1936 liber
1072 1893 1139 1936 non

87 1966 263 2048 aciutaret,
298 1985 350 2027 me
379 1964 461 2027 istos
493 1963 612 2027 liberos
643 1984 710 2026 non
742 1961 914 2046 addixisse,
949 1961 1139 2043 praesertim

128 2076 200 2117 cum
224 2053 349 2116 adesset
370 2073 480 2136 nemo,
503 2074 522 2115 a
545 2072 609 2135 quo
632 2055 717 2114 recte
739 2050 986 2114 vindicarentur.
1031 2048 1071 2114 Id
1092 2054 1140 2134 tu,

128 2145 166 2205 ut
187 2140 359 2225 videbitur,
380 2140 428 2203 ita
451 2139 598 2223 accipies3
621 2159 681 2223 ego
704 2139 766 2203 tibi
789 2138 956 2202 adsentiar.

195 2227 262 2293 Uni
284 2231 359 2292 tuae
382 2227 620 2292 disertissumae
643 2227 799 2310 epistulae
826 2247 893 2290 non
914 2226 1079 2311 rescripsi,
1105 2227 1141 2289 in

130 2338 193 2399 qua
217 2320 267 2380 est
289 2316 327 2380 de
350 2315 500 2399 periculis
527 2316 575 2379 rei
601 2316 755 2399 publicae.
802 2313 885 2390 Quid
910 2315 1142 2379 rescriberem?

90 2429 116 2470 25
130 2404 221 2468 valde
251 2426 338 2468 eram
367 2404 582 2487 perturbatus.
630 2403 692 2468 Sed
718 2407 757 2467 ut
785 2403 869 2466 nihil
898 2423 1015 2487 magno
1045 2425 1143 2487 opere

130 2497 286 2578 metuam,
316 2491 430 2556 Parthi
457 2492 592 2576 faciunt,
625 2492 681 2575 qui
708 2496 838 2575 repente
866 2491 1021 2555 Bibulum
1050 2491 1143 2555 semi-

130 2581 240 2646 vivum
263 2580 470 2663 reliquerunt.

608 2754 665 2819 ΠΙ.

296 2876 353 2932 Ser.
373 2878 404 2930 io
424 2878 579 2931 Trebulano
602 2877 628 2929 V
643 2877 686 2930 Id.
706 2877 772 2931 Dec.
792 2895 817 2930 c.
839 2877 893 2932 704
912 2880 980 2946 (50).

94 3029 120 3068 30
453 2999 580 3054 CICERO
600 2999 730 3053 ATTICO
751 2999 824 3053 SAL.

199 3108 237 3172 A.
261 3108 289 3173 d.
313 3125 376 3172 v111
398 3108 474 3172 Idus
506 3107 671 3173 Decembr.
699 3107 899 3172 Aeculanum
929 3108 1003 3172 veni
1034 3112 1065 3172 et
1095 3107 1176 3172 ibir

134 3200 207 3261 tuas
220 3196 346 3260 litteras
359 3197 433 3283 legi,
457 3219 535 3281 quas
550 3196 744 3260 Philotimus
758 3196 838 3260 mihi
852 3196 997 3261 reddidit.
1030 3195 1058 3260 Ε
1075 3197 1143 3278 qui·

134 3284 195 3348 bus
217 3284 300 3349 hanc
322 3285 426 3368 primo
451 3288 581 3368 aspectu
604 3285 804 3369 voluptatem
827 3286 910 3369 cepi,
938 3285 1024 3367 quod
1052 3288 1144 3348 erant

135 3376 204 3437 ate
226 3373 298 3456 ipso
318 3373 464 3459 scriptae,
486 3373 597 3437 deinde
617 3395 726 3438 earum
745 3373 992 3437 accuratissume
1010 3372 1143 3455 diligen-

96 3486 121 3526 as
134 3462 182 3525 tia
213 3483 284 3525 sum
316 3463 434 3528 mirum
468 3463 503 3525 in
532 3462 661 3525 modum
692 3461 875 3525 delectatus.
921 3459 969 3524 Ac
1002 3460 1144 3542 primum
