2586 3886
311 131 570 186 EPISTULARUM
588 133 637 186 AD
657 132 820 187 ATTIOUM
839 134 877 188 VI
897 139 921 188 1.
1075 135 1139 198 167

26 271 27 358 l
114 297 202 340 aveo
231 275 322 340 scire.
369 274 492 340 Verum
519 275 597 340 haec
624 277 787 360 posterius
815 281 847 341 et
875 299 982 341 coram
1001 277 1141 341 fortasse

115 364 332 428 commodius.

190 449 278 516 Illud
295 473 356 537 me,
376 452 422 515 mi
440 451 558 537 Attice,
575 453 611 516 in
629 457 772 516 extrema
789 453 855 517 fere
873 457 964 536 parte
982 453 1139 536 epistulae
1158 469 1194 517 20

117 540 313 624 commovit,
344 540 457 604 scribis
486 541 571 604 enim
601 541 659 604 sic:
701 541 759 606 ‘Tr
779 541 922 620 toruos?
954 540 1065 604 deinde
1088 562 1139 604 me

26 691 27 696 ,
87 653 100 693 5
119 628 275 692 obsecras
300 629 529 714 amantissime,
550 651 591 692 ne
615 627 786 692 obliviscar
808 629 943 713 vigilare
966 632 999 692 et
1018 632 1056 692 ut
1074 628 1140 692 ani-

26 709 27 768 1
117 716 337 803 madvertam,
365 738 445 800 quae
474 717 562 781 fiant.
603 714 692 780 Num
715 717 793 800 quid
814 717 853 780 de
876 739 940 801 quo
963 717 1139 780 inaudisti?

26 777 27 866 l
117 803 200 868 Etsi
231 803 316 870 nihil
348 804 416 868 eius
448 804 536 869 modi
569 808 631 888 est3
663 810 791 870 πολλοῦ
818 829 856 888 γε
883 803 939 870 καὶ
966 807 1025 870 δεῖ.
1070 803 1140 868 Nec

26 895 27 898 ’
118 892 209 956 enim
235 913 286 955 me
308 892 476 956 fefellisset
497 914 556 956 nec
577 893 677 957 fallet.
720 891 782 957 Sed
804 893 869 957 ista
887 893 1063 958 admonitio
1082 897 1140 956 tua

117 984 191 1044 tam
215 984 365 1044 accurata
386 981 494 1044 nescio
518 981 596 1064 quid
617 981 699 1044 mihi
722 981 903 1066 significare
926 982 995 1046 visa
1018 985 1075 1045 est.

77 1096 104 1134 ιο
190 1066 241 1131 De
272 1067 316 1132 M.
346 1067 479 1133 Octavio
512 1069 631 1133 iterum
662 1069 727 1133 iam
758 1069 821 1133 tibi
852 1071 994 1134 rescribo
1025 1073 1059 1134 te
1090 1069 1140 1133 illi
1158 1085 1192 1133 21

119 1156 226 1240 probe
248 1157 465 1241 respondisse;
492 1158 589 1240 paulo
613 1157 728 1221 vellem
749 1157 910 1223 fidentius.
955 1157 1041 1223 Nam
1065 1156 1140 1222 an-

118 1246 189 1310 lius
211 1244 367 1310 libortum
389 1245 429 1309 ad
451 1266 503 1308 me
524 1245 615 1308 misit
638 1249 669 1309 et
693 1245 818 1309 litteras
838 1250 984 1311 accurate
1003 1247 1139 1330 scriptas

122 1337 158 1396 et
181 1332 220 1396 de
243 1331 409 1416 pantheris
433 1337 465 1396 et
487 1333 511 1416 1
535 1356 553 1396 a
575 1333 770 1397 civitatibus.
816 1333 980 1418 Rescripsi
1002 1335 1141 1399 alterum

121 1442 176 1484 me
199 1421 334 1484 moleste
356 1422 453 1506 terre,
483 1421 511 1484 si
535 1441 594 1505 ego
618 1421 654 1484 in
675 1421 817 1485 tenebris
840 1422 982 1507 laterem,
1004 1443 1063 1486 noc
1087 1445 1140 1486 au-

81 1533 108 1574 11
123 1509 249 1572 diretur
267 1507 389 1572 Romae
411 1508 539 1572 nullum
561 1510 596 1573 in
618 1530 689 1572 mea
706 1509 872 1592 provincia
890 1531 1058 1573 nummum
1075 1510 1141 1574 nisi

123 1598 161 1660 in
188 1618 242 1660 aes
270 1597 410 1681 alienum
438 1597 577 1682 erogari,
604 1597 761 1680 docuique
788 1618 846 1661 nec
868 1597 949 1660 mihi
972 1598 1141 1662 conciliare

123 1685 294 1768 pecuniam
323 1684 418 1748 licere
446 1685 576 1749 necilli
600 1706 711 1768 capere
734 1685 909 1769 monuique
932 1707 1019 1772 eum,
1046 1706 1141 1768 quem

124 1772 222 1856 plane
245 1772 360 1858 diligo,
382 1775 427 1856 ut,
450 1794 524 1836 cum
547 1773 626 1837 alios
650 1777 839 1859 accusasset,
861 1774 986 1837 cautius
1005 1773 1142 1858 viveret,

125 1859 209 1924 illud
237 1864 344 1924 autem
372 1861 509 1925 alterum
536 1861 676 1925 alienum
699 1883 768 1925 esse
791 1862 1039 1925 existumatione
1062 1883 1141 1946 mea,

86 1975 112 2014 aa
128 1947 301 2030 Cibyratas
324 1949 459 2032 imperio
482 1971 553 2013 meo
576 1950 704 2033 publice
727 1950 844 2014 venari.

195 2035 298 2120 Lepta
321 2040 377 2100 tua
401 2037 539 2121 epistula
562 2037 680 2122 gaudio
703 2037 858 2122 exsultat3
882 2038 1001 2101 etenim
1023 2037 1195 2120 scriptam

127 2124 211 2188 belle
244 2127 293 2188 est
325 2146 440 2209 meque
470 2125 555 2209 apud
583 2148 656 2190 eum
682 2147 800 2211 magna
827 2126 862 2190 in
889 2126 995 2210 gratia
1023 2125 1142 2209 posuit.

128 2211 245 2276 Filiola
276 2217 334 2276 tua
365 2217 494 2297 gratum
525 2213 606 2277 mihi
638 2214 728 2299 fecit,
760 2215 847 2298 quod
878 2215 940 2278 tibi
972 2213 1143 2298 diligenter

129 2299 306 2384 mandavit,
333 2304 370 2363 ut
392 2301 473 2366 mihi
497 2302 635 2366 salutem
657 2303 863 2388 adscriberes,
893 2307 1023 2387 gratum
1046 2302 1144 2366 etiam

90 2413 116 2454 25
130 2387 224 2471 Pilia,
253 2389 309 2452 sed
333 2389 390 2452 illa
418 2389 608 2475 officiosius,
640 2390 726 2474 quod
752 2391 845 2476 mihi,
875 2413 969 2474 quem
991 2391 1056 2454 iam
1079 2391 1144 2473 pri-

132 2475 299 2540 dem***
321 2498 497 2560 numquam
524 2478 613 2542 vidit.
659 2477 766 2563 Igitur
793 2483 831 2542 tu
855 2499 982 2562 quoque
1006 2479 1144 2543 salutem

132 2565 260 2648 utrique
287 2564 469 2630 adscribit0.
514 2565 713 2630 Litterarum
743 2567 891 2631 datarum
914 2567 981 2630 dies
1005 2589 1051 2650 pr.
1071 2566 1143 2630 Kal.

133 2650 255 2716 Ianuar.
285 2674 414 2717 suavem
441 2653 557 2718 habuit
584 2655 837 2720 recordationem
864 2655 1035 2719 clarissimi
1062 2654 1143 2719 iuris

134 2740 270 2822 iurandi,
302 2741 388 2825 quod
416 2762 475 2826 ego
501 2763 568 2806 non
595 2764 683 2806 eram
711 2743 840 2807 oblitus.
891 2742 1030 2828 Magnus
1058 2743 1145 2806 enim

93 2831 350 2911 apraetexatus
374 2830 431 2893 illo
455 2830 505 2895 die
528 2831 583 2894 fui.
630 2830 739 2895 Habes
764 2833 803 2895 ad
827 2832 942 2896 omnia.
988 2829 1079 2917 Non,
1106 2834 1144 2894 ut

134 2916 319 3002 postulasti,
351 2917 486 3004 <χρύσεοι
513 2920 702 3004 putuslov',
736 2920 792 2984 sed
818 2920 909 3002 paria
936 2920 1069 3002 paribus
1097 2940 1146 2982 re-

135 3004 327 3086 spondimus.

197 3091 280 3156 Ecce
303 3097 411 3157 autem
435 3094 498 3158 alia
521 3095 640 3176 pusilla
662 3095 814 3180 epistula,
843 3117 940 3179 quam
960 3116 1028 3159 non
1050 3095 1145 3159 111111-
1163 3111 1199 3158 23

136 3200 228 3263 quam
250 3179 536 3266 ἀναντιφώνητον.
580 3181 667 3247 Bene
689 3183 869 3248 mehercule
891 3184 915 3267 1
937 3184 1046 3267 potuit
1066 3182 1146 3246 Luc-

97 3291 123 3332 :a
136 3267 217 3332 osius
247 3267 477 3354 Tusculanum,
510 3270 574 3335 nisi
606 3272 690 3335 forte
720 3271 821 3351 (solet
849 3267 954 3356 enim)
986 3291 1059 3335 cum
1086 3292 1145 3334 suo

135 3355 271 3422 tibicine.
317 3357 362 3422 Et
389 3358 486 3422 velim
509 3359 606 3444 scire,
634 3359 690 3444 qui
709 3360 752 3423 sit
776 3359 845 3423 eius
869 3361 982 3422 status.
1028 3357 1147 3440 Lentu-

92 3483 94 3490 *
134 3443 199 3508 lum
226 3444 354 3528 quidem
381 3451 530 3511 nostrum
552 3448 661 3513 oracio
682 3450 810 3530 praeter
833 3446 1051 3510 Tusculanum
1074 3466 1147 3527 pro-
