2578 3886
187 167 252 231 346
509 166 546 222 M.
567 168 674 222 TULLI
693 167 883 224 CICERONIS

187 310 274 394 quod
298 315 373 375 ante
396 310 535 394 mallem,
559 311 668 395 aliquo
692 313 827 396 propius
851 313 1006 378 accedam.
1044 313 1128 378 Tuas
1150 313 1203 377 lit

186 403 271 463 teras
300 400 341 463 ad
369 421 435 483 eas,
464 400 582 483 quibus
611 423 629 463 a
656 404 689 463 te
717 401 863 483 proxime
892 401 1064 466 consilium
1095 402 1203 487 petivi,

185 487 391 562 ¹vehementer
414 492 574 571 exspecto.
620 485 709 552 Vale.
755 506 818 553 xvl
839 487 911 554 Kal.
932 487 1144 573 Septembres.
1262 487 1263 494 ἶ

654 661 740 727 XXI.

382 784 440 841 Ser.
455 785 596 840 Bmmdc'ac'
619 785 664 839 VI
679 785 716 838 K.
732 785 804 853 Sept.
820 803 846 838 a.
862 789 918 840 707
938 789 1006 854 (47).
1224 795 1232 833 s

508 907 636 963 CICERO
656 908 789 963 ATTICO
810 908 883 963 SAL.

152 1037 165 1084 1
252 1015 373 1102 Accepi
404 1033 441 1079 VI
464 1015 536 1080 Kal.
556 1015 643 1100 Sept.
671 1018 798 1081 litteras
831 1039 850 1080 a
877 1021 911 1082 te
943 1017 1035 1082 datas
1059 1035 1111 1081 ΧΠ
1134 1016 1203 1080 Kal

185 1104 402 1188 doloremque,
425 1125 521 1187 quem
544 1126 583 1168 ex
602 1103 715 1180 Quinti
735 1105 853 1170 scelere
870 1105 936 1168 iam
955 1106 1081 1188 pridem
1100 1127 1204 1187 accep-

184 1197 256 1256 tum
285 1192 350 1256 iam
378 1191 569 1276 abieceram,
596 1193 680 1258 lecta
708 1194 777 1258 eius
808 1193 948 1277 epistula
977 1195 1204 1278 gravissimum

185 1280 263 1363 cepi.
306 1280 357 1344 Tu
380 1281 442 1344 etsi
465 1302 532 1345 non
554 1283 695 1365 potuisti
717 1283 785 1346 ullo
808 1283 904 1346 modo
927 1283 1041 1367 facere,
1065 1287 1103 1346 ut
1126 1280 1234 1345 mihim

184 1368 276 1432 illam
299 1369 472 1452 epistulam
495 1391 563 1433 uon
584 1371 741 1457 mitteres,
763 1374 875 1434 tamen
895 1370 1027 1434 mallem
1049 1391 1117 1434 non
1137 1390 1203 1434 esse

185 1479 327 1521 mrssam.

251 1544 304 1609 Ad
328 1567 364 1610 ea
387 1550 509 1630 autem,
537 1568 618 1630 quae
642 1546 758 1611 scribis
781 1547 819 1611 de
842 1550 1050 1630 testamenta
1073 1546 1204 1628 videbis,
1263 1575 1264 1626 ῃ

186 1634 264 1717 quid
297 1637 329 1698 et
362 1655 426 1717 quo
456 1633 561 1698 modo.
608 1633 656 1699 De
684 1636 827 1699 nummis
856 1639 888 1699 et
915 1635 972 1699 illa
1000 1635 1047 1699 sic
1076 1634 1204 1719 scripsit

185 1726 222 1785 ut
246 1743 306 1806 ego
330 1722 370 1786 ad
393 1726 426 1785 te
449 1725 552 1806 antea,
577 1726 609 1786 et
631 1744 701 1809 nos,
725 1723 754 1787 si
778 1722 855 1806 quid
879 1745 961 1806 opus
981 1722 1053 1806 erit,
1076 1726 1205 1786 utemur
1216 1745 1234 1784 a

186 1831 225 1874 ex
249 1831 296 1894 eo,
319 1811 358 1874 de
382 1831 445 1893 quo
471 1809 594 1874 scribis.

149 1917 165 1966 a
252 1897 312 1962 Ille
336 1899 376 1962 ad
398 1896 469 1962 Kal.
490 1896 576 1981 Sept.
595 1897 735 1962 Athenis
753 1919 820 1962 non
838 1899 966 1963 videtur
984 1899 1062 1963 fore.
1100 1897 1205 1963 Multa

186 2009 259 2050 eum
282 1987 318 2050 in
339 1985 418 2050 Asia
440 1986 591 2051 dicuntur
609 1986 739 2070 morari,
761 1987 901 2051 maxime
920 1987 1111 2052 Pharnaces.
1151 1986 1204 2050 Le-

184 2075 239 2160 gio
264 2092 324 2157 xn,
347 2074 387 2137 ad
411 2096 508 2158 quam
529 2075 668 2158 primam
687 2073 777 2138 Sulla
796 2075 894 2159 venit,
916 2075 1080 2158 lapidibus
1101 2075 1204 2159 egisse

183 2161 349 2225 hominem
385 2161 511 2227 dicitur.
563 2160 698 2225 Nullam
733 2166 851 2244 putant
889 2184 924 2227 se
960 2167 1233 2228 commoturam.a

184 2248 282 2314 Illum
306 2250 550 2314 arbitrabantur
573 2251 723 2333 protinus
746 2249 853 2314 Patris
876 2252 913 2315 in
935 2248 1087 2316 Siciliam.
1137 2249 1204 2332 Sed,

185 2338 214 2401 si
241 2338 304 2402 hoc
335 2338 382 2401 ita
414 2342 476 2423 est,
508 2338 572 2402 huc
602 2338 711 2402 veniat
739 2360 868 2403 neeesse
896 2343 953 2404 est.
1000 2339 1049 2403 Ac
1075 2339 1204 2403 mallem
1264 2343 1265 2438 t

184 2425 281 2511 illim3
314 2426 423 2509 aliquo
452 2426 537 2490 enim
567 2427 663 2490 modo
691 2427 768 2490 hinc
796 2427 975 2491 evasissem.
1021 2425 1120 2492 Nrmc
1143 2448 1204 2491 me
1264 2439 1265 2514 t

184 2518 256 2597 tue,
283 2535 324 2577 ne
355 2514 398 2578 sit
426 2515 677 2598 exspectandum
709 2519 742 2578 et
765 2536 838 2579 cum
860 2515 995 2600 reliquis
1019 2515 1120 2580 etiam
1144 2514 1203 2580 loci
1264 2543 1265 2608 p

178 2602 328 2686 >gravitas
353 2602 429 2666 huic
452 2603 653 2668 miserrimae
675 2603 871 2686 perferenda.
1215 2622 1233 2664 a
1264 2613 1265 2658 l

149 2708 165 2755 3
252 2687 345 2764 Quod
367 2711 420 2754 me
442 2713 564 2776 moues,
587 2695 624 2754 ut
648 2713 694 2776 ea,
719 2713 800 2774 quae
821 2713 925 2777 upum,
948 2690 988 2754 ad
1006 2696 1138 2776 tempus
1159 2713 1204 2756 ac-
1264 2753 1265 2758 ,

185 2779 394 2862 commodem,
417 2779 565 2864 facerem,
589 2779 692 2842 sires
715 2783 890 2864 pateretur,
914 2783 946 2842 et
969 2779 999 2843 ai
1021 2779 1091 2843 ullo
1109 2780 1203 2845 modo
1264 2779 1265 2790 ²

185 2865 256 2928 fieri
285 2870 405 2949 posset.
451 2865 514 2931 Sed
541 2868 577 2931 in
603 2867 705 2931 tantis
727 2867 851 2931 nostris
875 2868 1015 2950 peccatis
1039 2869 1203 2952 tantisque

184 2957 373 3019 nostrorum
400 2954 528 3018 iniuriis
554 2955 639 3018 nihil
662 2960 724 3039 est,
754 2955 840 3038 quod
864 2960 921 3019 aut
943 2955 1048 3019 facere
1072 2956 1204 3041 dignum

184 3042 280 3106 nobis
300 3046 357 3106 aut
376 3042 529 3108 simulare
548 3043 679 3125 possim.
718 3040 852 3106 Sullana
871 3043 1013 3127 confers3
1037 3043 1073 3107 in
1087 3045 1233 3128 quibusu

142 3145 144 3178 2
186 3131 295 3195 omnia
318 3151 434 3215 genere
453 3132 524 3215 ipso
543 3131 802 3214 praeclarissima
820 3132 962 3215 fuenmt,
985 3131 1203 3197 moderatione

183 3219 281 3303 paulo
306 3220 413 3283 minus
437 3223 624 3303 temperata.
670 3218 758 3283 Haec
782 3222 891 3283 autem
916 3220 1097 3284 eiusmodi
1122 3224 1203 3300 sunt,

184 3312 222 3370 ut
245 3307 417 3372 obliviscar
440 3309 502 3372 mci
530 3306 699 3389 multoque
721 3307 847 3392 malim,
877 3307 963 3391 quod
987 3308 1139 3372 omnibus
1164 3308 1201 3372 sit

184 3396 314 3481 melius,
341 3417 436 3478 quam
463 3397 545 3476 qaod
565 3396 621 3479 as,
645 3396 689 3458 ud
715 3416 854 3477 quorum
877 3395 1056 3459 utilitatem
1079 3418 1131 3460 me
1155 3395 1202 3460 ad-

185 3482 284 3547 iunxi.
317 3483 367 3548 Tu
394 3484 433 3548 ad
450 3505 503 3546 me
522 3487 632 3546 tamen
650 3481 749 3545 velim
768 3503 866 3565 quam
881 3483 1068 3566 saepissime
1084 3485 1234 3548 scribass
