2616 3884
284 149 544 205 1111011101
562 150 613 204 Ar>
632 149 853 205 1111001111
872 151 978 206 m-a.
1064 112 1143 214 Ι269

8 301 9 304 ’
115 292 354 380 inimicissimi,
392 314 531 378 quorum
563 293 708 359 artificiis
740 294 890 359 effectum
923 297 985 377 est,
1022 297 1058 359 ut
1090 315 1144 358 res

116 381 254 466 publica
276 381 313 446 in
333 380 420 446 huno
443 385 565 446 statum
587 382 778 466 perveniret.

589 555 678 622 VIII.

255 677 313 732 Ser.
332 679 365 732 100
382 677 537 732 Formiano
552 679 628 748 prid.
648 679 692 733 Id.
713 679 801 735 Mart.
821 697 847 733 a.
868 682 924 734 705
943 682 1013 746 (49).

89 812 105 853 a
430 799 576 855 CICERO
594 800 742 857 ATTICO
760 802 843 858 SAL.

194 908 392 975 Conantibus
414 925 441 972 11
463 907 540 973 Idus
563 909 660 974 nobis
683 932 720 975 ao
742 913 842 975 noctu
867 910 997 994 quidem
1020 906 1144 973 Statius
1165 923 1179 970 1

123 1021 143 1062 a
166 1003 201 1064 te
224 998 398 1081 epistulam
421 997 552 1062 brevem
576 998 695 1063 attulit.
741 997 791 1062 De
814 997 849 1064 L.
869 997 1035 1082 Torquato
1059 996 1146 1081 quod

124 1087 264 1171 quaeris,
287 1108 354 1150 nou
375 1084 471 1150 modo
495 1085 628 1172 Lucius,
651 1086 828 1151 sedetiam
850 1085 957 1151 Aulus
980 1085 1146 1171 profectus

124 1179 185 1258 ost,
208 1173 329 1259 'salter
350 1173 481 1238 multos.
517 1172 568 1238 De
585 1174 799 1240 Reatinorum
817 1196 937 1240 eoroua
961 1173 1047 1258 quod
1071 1173 1147 1238 scri-

74 1291 107 1331 10
124 1263 192 1348 bis,
217 1262 356 1328 moleste
378 1264 445 1327 fero
469 1261 504 1326 in
527 1282 606 1346 agro
630 1262 750 1328 Sabino
779 1266 954 1327 sementem
981 1263 1052 1326 fieri
1074 1284 1148 1346 pro·

125 1351 323 1434 scriptionis.
358 1349 528 1416 Senatores
551 1349 673 1415 multos
697 1371 767 1416 esse
786 1349 910 1415 Romae
933 1371 993 1415 nos
1017 1372 1147 1434 quoque

125 1439 339 1505 audieramus.
385 1439 512 1523 Ecquid
543 1442 637 1522 potes
668 1438 786 1523 dicere,
817 1460 873 1503 cur
903 1439 1062 1502 exierint?
1107 1436 1183 1502 Ina

124 1527 180 1592 his
208 1527 290 1593 locis
322 1527 431 1612 opinio
467 1529 516 1591 011
551 1527 735 1592 coniectura
767 1527 872 1612 magis
904 1548 1002 1610 quam
1031 1527 1147 1590 nuntio

8 1649 9 1674 1
124 1619 185 1682 aut
217 1616 338 1682 litteris
372 1614 539 1680 Caesarem
568 1614 707 1680 Formiis
737 1636 764 1678 a.
794 1614 822 1678 d.
850 1632 888 1678 xr
917 1614 989 1677 Kal.
1017 1612 1148 1697 Apriles

8 1753 9 1758 η
77 1731 108 1772 15
123 1707 204 1770 fore.
246 1703 310 1768 Hic
332 1725 392 1789 ego
415 1703 531 1768 vellem
552 1703 673 1768 habere
695 1702 830 1768 Homeri
853 1702 945 1766 illam
967 1701 1149 1766 Minervam

124 1792 314 1858 simulatam
336 1791 487 1878 Mentori,
511 1792 562 1855 cui
586 1791 740 1856 dicerem:

125 1915 289 2002 ‘Mentora
303 1927 373 1992 πῶς
386 1913 416 1981 τ’
434 1913 487 2000 ἄρ’
505 1921 556 1998 ra,
569 1926 640 1991 πῶς
654 1912 681 1978 τ’
701 1913 743 2000 do
758 1911 1006 1997 προςπτύξθμαι
1020 1913 1150 1998 αὐτόνῗ

8 2083 10 2152 q
123 2057 263 2124 Nullam
285 2079 354 2122 rem
376 2078 531 2140 umquam
555 2055 770 2120 difficiliorem
790 2054 942 2139 cogitavi,
965 2053 1021 2118 sed
1040 2053 1150 2140 cogito

123 2151 238 2212 tamen
261 2167 319 2210 nec
342 2167 396 2210 ero
419 2149 457 2210 ut
485 2145 521 2209 in
546 2144 641 2208 malis
669 2144 858 2227 imparatus.
905 2140 969 2211 Sed
996 2164 1085 2225 cura,
1112 2145 1151 2206 ut

78 2263 110 2302 ao
125 2235 245 2300 valeas.
291 2232 376 2299 Puto
400 2233 487 2326 enim
509 2232 594 2296 diem
618 2236 711 2297 tuum
733 2231 805 2296 heri
826 2230 937 2296 fuisse.

612 2406 668 2474 IX.

209 2529 211 2533 ·
268 2528 325 2586 se.
344 2531 377 2585 a
394 2530 548 2584 100100
570 2529 653 2583 xrr
666 2529 704 2583 rr.
723 2529 793 2598 Aa.
814 2545 840 2583 a.
861 2531 1007 2599 100010).

453 2649 582 2707 CICERO
602 2651 734 2707 ATTICO
754 2650 830 2707 sAL.

197 2760 276 2826 Tres
307 2759 462 2846 epistulas
492 2765 565 2826 tuas
595 2759 702 2844 accepi
732 2759 890 2844 postridie
913 2758 999 2824 Idus.
1045 2756 1186 2846 Erantr
1217 2777 1230 2805 ·

82 2853 239 2920 arautem
262 2867 394 2935 1111,111,
416 2848 519 2933 pridie
536 2847 614 2913 Idus
638 2849 739 2913 datae.
776 2846 884 2935 Igitur
905 2845 1151 2931 antiquissimae

128 2938 247 3022 cuique
268 2938 411 3021 primum
432 2936 641 3021 respondebo.
678 2935 837 3002 Adsentio
860 2936 933 3020 tibi,
956 2938 994 2999 ut
1016 2935 1052 2998 in
1073 2932 1152 2999 For-

127 3027 238 3092 miano
262 3026 470 3109 potissimum
499 3047 690 3108 commorer,
720 3025 820 3089 etiam
850 3024 888 3088 de
919 3045 1036 3107 supero
1060 3022 1151 3107 mari,

127 3114 374 3202 temptaboque,
401 3117 439 3180 ut
462 3117 556 3179 antea
579 3114 620 3178 ad
641 3117 676 3178 te
699 3113 828 3197 scripsi,
852 3132 1031 3194 ecquonam
1053 3109 1151 3174 modo

128 3203 254 3287 possim
276 3203 445 3268 voluntate
468 3204 537 3267 eius
559 3201 683 3266 nullam
705 3201 753 3266 rei
779 3199 927 3285 publicae
956 3203 1082 3283 partem
1105 3202 1152 3261 at-

83 3319 114 3360 10
129 3291 265 3379 tingere.
312 3289 404 3368 Quod
426 3292 552 3375 laudas,
583 3290 659 3373 quia
688 3288 837 3354 oblivisci
864 3309 916 3352 me
940 3284 1054 3370 scripsi
1078 3286 1153 3349 ante

129 3379 217 3444 facta
240 3382 273 3444 et
297 3378 412 3446 delicte
434 3379 541 3445 nostri
564 3378 668 3463 amici,
691 3399 751 3463 ego
771 3397 847 3441 vero
870 3377 918 3440 ita
936 3375 1029 3440 facio.
1066 3371 1153 3448 Quin

130 3487 168 3533 ea
189 3468 271 3555 ipsa,
294 3490 377 3553 quae
400 3492 419 3535 a
441 3472 474 3534 te
492 3469 794 3551 commemorantur,
813 3485 905 3528 secus
924 3463 965 3526 ab
985 3482 1023 3526 eo
1046 3461 1082 3524 in
1100 3482 1153 3524 mo
