2564 3880
183 153 251 216 406
440 211 442 217 ⁸
475 108 544 206 n.
564 152 671 205 rann
690 150 881 206 cretaeus

185 317 280 360 aurea
311 293 347 358 L.
375 294 555 378 Torquato,
589 292 698 358 Stoica
728 293 772 358 M.
805 293 934 377 Catoni,
965 294 1211 377 aspiraverunt
1260 299 1261 374 1

185 384 228 447 M.
242 382 356 447 Pisoni
375 382 491 446 darem.
519 381 784 465 Ἀζηλοτύπητον
802 381 835 444 id
852 381 921 444 fore
939 384 1100 463 putaram,
1120 380 1211 463 quod

150 488 167 536 5
187 493 298 536 omnes
317 471 367 534 illi
385 471 595 534 decesserant.
632 469 720 534 Haec
739 467 961 554 ‘Academica',
982 473 1021 532 ut
1041 469 1115 553 scis,
1135 489 1209 532 cum

187 558 318 644 Catulo,
345 558 491 644 Lucullo,
518 557 695 622 Hortensio
718 558 924 622 contuleram.
947 579 950 598 *
972 555 1056 620 Sane
1079 557 1114 620 in
1138 578 1210 638 per-

187 669 283 712 sonas
312 668 379 710 non
410 646 579 729 cadebant;
612 649 704 710 erant
736 645 821 708 enim
857 645 1075 729 λογικώτερα,
1108 667 1242 728 quams

186 739 224 799 ut
254 735 303 798 illi
334 735 372 797 de
399 734 440 797 iis
466 734 642 797 somniasse
665 755 819 816 umquam
841 733 1035 796 viderentur.
1081 730 1208 815 Itaque,

187 828 225 886 ut
254 822 319 906 legi
350 826 423 885 tuas
449 822 487 886 de
517 821 678 906 Varrone,
708 825 875 905 tamquam
905 820 1043 904 ἕρμαιον
1073 820 1206 902 arripui.

187 910 308 994 Aptius
331 931 400 973 esse
417 909 502 973 nihil
520 909 629 992 potuit
647 910 689 973 ad
707 909 740 972 id
758 908 985 992 philosophiae
1003 929 1115 993 genus,
1141 929 1204 991 quo

188 999 243 1061 ille
272 998 410 1061 maxime
429 997 509 1061 mihi
529 996 680 1061 delectari
704 997 845 1083 videtur,
874 1018 993 1080 easque
1015 1000 1140 1080 partes,
1168 999 1203 1058 ut

186 1108 255 1149 non
282 1085 343 1149 sim
369 1089 576 1169 consecutus,
602 1089 639 1148 ut
667 1087 813 1168 superior
835 1107 907 1149 mea
929 1106 1025 1149 causa
1048 1084 1200 1148 videatur.
1216 1110 1236 1147 1⁰

189 1172 273 1238 Sunt
300 1173 385 1237 enim
412 1172 617 1237 vehementer
645 1175 776 1238 πιθανὰ
802 1171 990 1256 Antiochia3
1024 1194 1105 1255 quae
1134 1171 1202 1234 dili-

189 1265 301 1345 genter
328 1283 347 1324 a
376 1283 427 1324 me
450 1282 603 1343 expressa
626 1283 758 1325 acumen
779 1261 901 1325 habent
924 1259 1094 1346 Antiochi,
1120 1260 1202 1322 nito-

187 1371 256 1412 rem
284 1349 441 1413 orationis
464 1353 626 1433 nostrum,
655 1349 801 1414 simodo
825 1350 853 1412 is
877 1353 926 1412 est
949 1348 1068 1431 aliquis
1091 1348 1126 1411 in
1147 1369 1200 1411 no-

187 1437 247 1502 bis.
286 1435 349 1501 Sed
371 1440 418 1521 tu,
441 1436 602 1501 dandosne
625 1441 720 1518 putes
738 1437 799 1500 hos
817 1437 920 1501 libros
938 1435 1089 1521 Varroni,
1111 1437 1200 1500 etium

188 1529 286 1610 atque
309 1525 407 1588 etiam
430 1525 561 1588 videbis.
598 1524 681 1588 Mihi
705 1524 861 1607 quaedam
885 1529 1072 1610 occurrunt3
1095 1524 1148 1588 sed
1166 1545 1198 1586 ea
1211 1547 1232 1586 15

187 1635 304 1678 coram.

660 1750 730 1815 XX.

277 1857 335 1912 Sca.
350 1857 382 1910 ia
399 1827 535 1924 Arpinati
558 1853 603 1907 VI
617 1861 668 1908 aut
690 1855 717 1907 V
732 1855 807 1908 Noa.
825 1854 917 1925 Quint
933 1873 958 1910 a.
975 1859 1030 1910 709
1051 1859 1120 1924 (45).

494 1957 639 2013 CICERO
656 1959 804 2013 ATTICO
822 1958 904 2014 SAL.

142 2067 169 2115 '1
255 2050 286 2114 A
310 2050 446 2116 Caesare
467 2050 594 2114 litteras
615 2050 722 2133 accepi
740 2049 973 2114 consolatorias
992 2050 1085 2114 datas
1103 2049 1230 2134 pridieu

188 2138 261 2203 Kal.
284 2139 387 2204 Maias
416 2138 552 2220 Hispali.
599 2136 648 2201 De
676 2138 755 2201 urbe
783 2137 929 2222 augenda
957 2138 1036 2223 quid
1063 2139 1107 2202 sit
1133 2159 1197 2221 pro·

189 2228 385 2311 mulgetum,
411 2247 479 2290 non
505 2225 658 2289 intellexi.
704 2224 742 2288 Id
769 2227 849 2289 scire
878 2247 953 2289 sane
976 2226 1082 2290 velim.
1128 2225 1197 2289 'Por-

191 2320 290 2399 quato
325 2318 439 2377 nostra
471 2314 577 2377 officia
611 2317 704 2397 grata
738 2335 807 2377 esse
841 2313 935 2377 facile
967 2314 1076 2397 patior
1106 2333 1196 2396 eaque
1260 2319 1261 2392 ζ

154 2421 307 2487 tangere
328 2423 396 2465 non
419 2401 568 2465 desinam.
614 2399 667 2464 Ad
688 2401 894 2485 Ligarianam
919 2401 957 2464 de
980 2423 1081 2466 uxore
1104 2401 1197 2465 Tube·
1260 2433 1261 2490 q

190 2492 279 2554 ronis
303 2493 335 2552 01
359 2489 508 2574 privigna
530 2510 634 2572 neque
656 2511 791 2571 possum
813 2491 878 2553 iam
901 2489 1015 2553 addere
1038 2487 1104 2576 (est
1122 2489 1227 2553 enimn
1260 2521 1261 2532 ¹

190 2575 394 2660 pervulgata)
417 2599 522 2661 neque
545 2575 747 2640 Tuberonem
770 2578 845 2641 volo
869 2577 1042 2661 offendere;
1073 2578 1197 2642 mirifice
1260 2581 1261 2676 1

191 2668 240 2729 est
272 2666 357 2728 enim
388 2669 562 2748 φιλαίτιος.
613 2664 789 2728 Theatrum
821 2665 950 2748 quidem
980 2687 1056 2729 sane
1085 2666 1198 2730 bellum
1260 2679 1261 2684 ’

153 2771 170 2817 3
188 2752 343 2816 habuisti.
375 2753 458 2836 Ege,
482 2753 543 2817 etsi
561 2752 711 2817 hocloco
730 2753 882 2817 facillime
901 2757 1077 2836 sustentor,
1099 2757 1198 2819 tamen

190 2844 223 2904 te
245 2840 353 2904 videre
376 2841 479 2922 cupio.
525 2839 648 2925 Itaque,
671 2845 709 2904 ut
732 2841 895 2924 constitui,
919 2842 1022 2906 adero.
1060 2841 1198 2906 Fratrem

190 2927 284 2992 credo
309 2950 328 2991 a
350 2932 383 2990 10
406 2949 475 2991 esse
498 2933 699 2993 conventum.
746 2928 834 2994 Scire
856 2930 959 3014 igitur
982 2929 1107 3016 studeo,
1130 2929 1227 3014 quida
1260 3003 1261 3010 ἵ

190 3037 303 3080 aens.
1260 3067 1261 3078 .

153 3121 171 3168 4
209 3037 231 3100 g
257 3102 307 3167 Dc
334 3104 421 3167 fama
446 3102 531 3166 nihil
554 3125 630 3167 sane
652 3104 779 3189 laboro3
812 3105 874 3169 etsi
897 3106 1088 3187 scripseram
1111 3106 1150 3170 ad
1170 3111 1199 3169 10
1260 3111 1261 3174 3

189 3195 268 3255 tune
299 3190 398 3254 stulte
429 3190 523 3253 ‘nihil
551 3192 692 3276 melius'3
730 3192 906 3256 curandum
938 3193 1024 3256 enim
1052 3215 1121 3257 non
1148 3199 1198 3258 est.

190 3277 299 3360 Atque
328 3278 390 3342 hoc
420 3278 471 3341 ‘in
501 3279 602 3341 omni
632 3280 713 3342 vita
743 3303 810 3343 sua
840 3302 1025 3363 quemque
1053 3303 1072 3344 a
1099 3287 1199 3346 recta

190 3366 433 3430 conscientia
471 3368 698 3430 traversum
734 3388 898 3451 unguem
935 3390 1011 3432 non
1050 3373 1229 3450 oportetu

191 3450 399 3518 discedere'
422 3451 518 3515 viden
548 3473 644 3535 quam
673 3456 887 3537 φιλοσόφωςῗ
924 3455 978 3518 An
1000 3460 1038 3519 tu
1059 3477 1120 3521 nos
1141 3457 1198 3520 fru-
