2576 3884
174 138 222 193 XL
492 136 704 191 ADNOTATIO
724 134 866 191 CRITICA

174 279 229 334 div.
244 280 320 335 une.
333 285 375 347 ee,
395 283 540 332 1111111.
570 275 609 332 of.
626 279 663 330 aa
681 297 706 347 p.
723 283 765 332 ee.
781 283 823 332 11.
843 307 878 318 -
898 282 1049 345 reportem
1068 275 1189 344 Manui,
1263 279 1264 282 ’

173 351 283 418 Baiter,
307 350 452 417 Wesenb,
475 348 593 418 Tyrrell,
609 356 715 419 patrem
734 349 823 415 eodd,
842 365 906 402 oum
925 363 1006 401 eruce
1023 347 1097 400 Boot
1115 347 1189 401 ooni.

170 439 226 492 pro
246 428 325 490 parte
347 438 407 475 area
424 437 497 484 eam,
527 420 625 487 ‘quum
643 417 739 472 Cicero
758 436 870 473 caueam
887 435 945 472 non
962 420 1043 472 vocet
1056 418 1189 486 portem’.

176 491 250 557 Quid
267 510 294 561 p.
303 496 345 545 68.
356 497 381 558 3,
400 490 466 543 fam.
477 489 541 542 XIII
559 494 600 543 39.
613 496 628 543 1
638 508 665 559 p.
676 508 712 542 m.
732 489 804 558 quod
821 490 923 556 fuerim
940 489 1106 543 moderatior
1123 495 1190 543 tem-
1264 519 1265 526 .

172 563 346 632 peratiorpae
365 577 447 630 paam
464 561 496 614 ire
514 577 547 615 eo
560 567 642 630 porte
659 563 811 630 praequam,
830 559 952 627 denique
970 559 1007 612 ib.
1018 557 1105 627 poulo
1121 561 1190 612 ante

176 651 258 702 paam
276 639 384 701 partem
401 632 433 684 in
450 647 479 685 re
493 647 522 699 p.
538 647 701 700 causamque
718 630 902 696 defenderim?
930 661 964 670 -
992 635 1026 683 29
1045 635 1104 684 erat
1122 632 1191 698 poet

175 705 258 757 haiae
277 703 340 756 add.
356 701 497 768 Wesenb,
515 701 595 755 Boot.
610 733 646 742 -
660 707 693 754 31
713 701 780 771 lepre
799 699 926 768 Gronov,
945 699 1086 766 Wesenb,
1105 699 1190 766 Boot,

177 773 293 842 Iprrell.
329 772 375 824 Ad
392 789 419 840 p.
436 777 495 824 106.
510 777 534 825 8.
563 802 598 812 -
626 777 658 824 31
678 787 751 839 opem
769 770 911 838 Lambin,
935 770 1044 838 Baiter,
1067 769 1190 838 Tyrrell,
1265 769 1266 786 .

176 846 260 916 †rem
277 841 421 909 Wesenb,
444 842 524 908 Boot,
548 842 735 910 ereptam,
755 843 910 910 opinionem
929 840 986 894 alii.
1010 873 1045 881 -
1067 840 1107 893 Π).
1123 857 1192 895 aea

177 915 284 968 arellam
300 912 413 977 Bootio,
435 913 469 964 ut
487 911 540 979 ait,
565 914 679 965 auctore
697 911 802 978 Baiter,
826 910 941 980 Tyrrell.
979 911 1024 963 Ad
1063 954 1068 964 .
1085 916 1127 965 84.
1144 916 1189 964 28.

178 1016 213 1026 --
227 990 260 1038 33
275 990 334 1038 erat
348 981 533 1034 ‘latinitatem
546 982 691 1050 postulare
704 982 779 1050 poet’
794 982 926 1035 Bootium
941 981 1024 1035 ‘vidit
1071 981 1192 1050 esenb.’,
1266 1015 1267 1042 ,

178 1051 661 1134 soripe.Wesenb.etTy1rellprob.
689 1054 699 1120 ΙΙ
730 1051 1191 1120 P.125.1videoaneurumesti,

178 1124 319 1190 Wesenb,
333 1123 413 1190 Boot,
428 1123 503 1190 quod
517 1125 644 1191 eeqmtur
654 1123 835 1191 putabantur.
851 1153 885 1163 -
901 1129 933 1177 11
948 1129 1068 1177 muratos
1077 1122 1192 1190 Tyrrell

180 1211 221 1264 ep.
238 1201 296 1247 144.
313 1199 328 1247 7
346 1211 372 1262 p.
390 1199 449 1260 134,
468 1194 544 1260 quod
561 1193 592 1246 in
611 1192 641 1245 M
659 1195 703 1246 eet
720 1195 846 1260 mirato33
874 1193 957 1246 valde
994 1193 1069 1246 lacet
1087 1193 1191 1247 Bootio

178 1267 280 1319 Mnem.
300 1269 368 1317 1898
386 1281 414 1332 p.
431 1269 480 1318 117
492 1281 531 1331 sq.
561 1295 596 1304 -
625 1269 657 1318 16
681 1265 774 1332 referit
792 1263 862 1317 coni.
877 1264 949 1317 Boot
967 1211 1031 1317 dhe.
1046 1282 1073 1331 p.
1089 1269 1133 1331 48,
1153 1270 1192 1318 te-
1267 1289 1268 1308 .

179 1337 251 1391 merit
273 1335 366 1401 codd,
390 1351 453 1387 enm
477 1350 558 1388 oruoe
580 1335 666 1401 Boot,
689 1336 778 1389 tenuit
794 1334 903 1402 BaIter,
926 1340 1029 1388 texeat
1049 1333 1192 1402 Wesenb,

180 1404 296 1474 Tyrrell.
320 1437 355 1444 -
378 1410 412 1456 22
431 1406 644 1473 contempsimus,
663 1406 739 1472 quod
756 1405 870 1458 fuerunt
888 1404 937 1472 qui
955 1407 1065 1457 mutare
1083 1404 1194 1458 vellent

180 1477 209 1529 in
228 1475 453 1544 ademptiones,
478 1478 522 1528 est
540 1475 723 1544 contemptim
741 1475 908 1541 abiecimus,
928 1474 1006 1528 euius
1025 1491 1092 1527 neue
1113 1475 1193 1528 eimi-

180 1547 252 1601 liora
271 1545 400 1614 exempla
417 1562 473 1599 non
491 1545 556 1599 novi
575 1562 660 1614 quam
677 1546 734 1599 Ioh.
746 1543 821 1599 (1111.
834 1547 848 1598 Ι
860 1564 887 1615 p.
900 1550 958 1598 143.
971 1551 1003 1599 17
1023 1551 1054 1600 ut
1071 1547 1103 1598 ia
1120 1547 1192 1600 oeri-

180 1625 234 1674 tote
256 1617 442 1672 renuntiemus
463 1618 528 1670 taio
549 1618 651 1671 maudo
669 1618 741 1670 uitii
758 1633 791 1670 ee
808 1617 864 1681 tie,
888 1633 956 1685 quoe
974 1617 1193 1684 contempsimus,

180 1695 323 1755 remoratos,
343 1692 452 1740 14120
470 1688 538 1756 quid
555 1687 694 1742 deeoerede'e
711 1687 802 1741 tollere
820 1687 928 1756 aliquid
946 1687 979 1740 de
996 1687 1075 1740 domo
1093 1693 1144 1740 tua
1157 1703 1194 1742 ea

180 1761 223 1814 his
240 1760 370 1823 videlicet,
388 1774 458 1826 puae
475 1764 558 1812 antea
575 1758 763 1826 contempereti,
783 1758 858 1824 quod
876 1757 953 1810 idem
965 1756 1003 1809 ib.
1014 1775 1038 1809 v.
1049 1762 1083 1809 14
1097 1758 1193 1812 dimit-

180 1838 241 1886 tere.
270 1861 305 1869 -
329 1833 364 1882 28
392 1828 439 1881 Ad
466 1829 533 1896 quid
560 1829 716 1882 laboremne
734 1828 861 1893 Asoene,
884 1827 992 1893 Baiter,
1016 1826 1056 1881 At
1073 1828 1142 1896 qaid
1160 1829 1194 1882 id

181 1898 355 1955 laboramus?
382 1897 477 1952 Habes
490 1897 631 1964 Wesenb,
650 1896 768 1965 Tyrrell,
787 1898 837 1950 sed
855 1897 902 1951 hie
919 1896 1014 1951 Haben
1031 1914 1073 1952 res
1087 1897 1192 1952 Roma·

180 1970 268 2037 ausi,
287 1970 360 2022 Boot
378 1968 448 2021 eoni.
463 1968 551 2036 Atqui
568 1969 599 2021 id
617 1969 786 2033 laboramus,
812 1974 844 2022 at
861 1968 961 2022 habeas
978 1984 1020 2022 res
1039 1968 1191 2023 Romnae.

180 2072 215 2082 —
234 2046 266 2092 31
286 2040 366 2106 fiant
384 2037 524 2104 Wesenb,
542 2038 623 2103 Boot,
642 2036 758 2105 TyrrelI
778 2069 813 2077 —
832 2041 865 2090 35
883 2038 1050 2105 faciendam
1067 2037 1194 2107 Ernesti,

180 2109 325 2174 Wesenb.,
349 2108 434 2162 Nune
455 2109 489 2162 de
512 2108 641 2162 Gabinio.
678 2107 907 2162 Stomoohaberie:
933 2126 1026 2163 oerum
1047 2109 1194 2174 formum

180 2187 219 2236 eet
237 2179 307 2233 coni
317 2179 396 2231 Boot.
420 2179 429 2246 ΙΙ
456 2179 491 2233 P.
501 2177 597 2233 leae
616 2180 755 2233 absolutae
773 2185 820 2234 eet
837 2177 946 2247 'Ifiyrrell
965 2195 1006 2248 ep.
1019 2183 1070 2232 154
1088 2182 1144 2233 teo.
1158 2211 1194 2220 -

180 2251 219 2304 lb.
235 2257 347 2319 γοργεῖα
370 2247 461 2318 γυμνά
478 2248 591 2316 Rosius,
614 2257 716 2315 πορεῖα
738 2251 832 2303 πυκνά
856 2249 926 2304 ooni.
940 2250 1019 2303 Boot.
1049 2281 1084 2290 -
1113 2251 1195 2306 ent

180 2329 270 2376 tornea
284 2320 373 2387 codd,
382 2318 487 2385 Baiter,
500 2319 579 2373 Boot.
599 2318 645 2371 Ad
657 2337 684 2387 p.
694 2325 735 2372 91.
748 2324 877 2373 11-11
889 2321 1034 2388 pristiam
1047 2319 1194 2388 Wesenb,

179 2393 265 2458 Boot,
292 2389 402 2458 Tyrrell
424 2389 562 2458 imperite.
600 2388 713 2457 Exite,
742 2405 815 2457 quae
840 2389 940 2458 collegi
966 2389 1119 2444 ‘Kmtirohe
1137 2391 1192 2444 Be-

180 2461 354 2530 merkrmgen
381 2478 415 2513 zu
443 2458 513 2512 Plin.
533 2462 591 2513 nat.
611 2460 689 2513 hier?
717 2477 810 2530 progr.
829 2459 944 2513 Vratiel.
966 2465 1035 2514 1888
1062 2478 1089 2529 p.
1112 2467 1193 2530 leq,

182 2531 356 2585 simillimum
379 2533 422 2584 eet
446 2532 609 2599 sempiterne
630 2532 760 2585 memorio
782 2532 908 2600 temporo
930 2532 1002 2584 dom.
1022 2549 1049 2599 p.
1070 2536 1129 2584 489.
1147 2537 1191 2586 30,

180 2603 226 2656 Ad
245 2601 318 2655 Cael.
333 2621 359 2671 p.
377 2607 435 2655 138.
451 2605 481 2669 8,
503 2600 578 2654 infra
596 2601 634 2654 ad
651 2619 678 2670 p.
695 2607 754 2655 347.
772 2607 812 2655 15.
832 2633 867 2641 -
887 2607 920 2654 13
939 2619 980 2654 rae
999 2604 1065 2656 ante
1082 2602 1195 2657 delectet

182 2674 245 2727 add.
260 2671 405 2740 Wesenb.,
428 2671 512 2739 Boot,
535 2671 559 2724 is
583 2671 632 2739 qui
656 2671 755 2740 paucis
778 2671 892 2742 paginIe
917 2674 983 2725 ante
1003 2672 1040 2723 ad
1057 2671 1097 2724 IV
1116 2677 1191 2726 16.1

180 2744 251 2798 haee
274 2743 400 2811 scripsit:
430 2741 503 2795 ‘Non
527 2758 597 2810 opus
621 2745 677 2809 eet,
701 2745 734 2796 ut
757 2741 947 2796 oumErn.et
965 2740 1193 2796 0111111111-

180 2817 234 2868 tur.
268 2813 357 2882 Saepe
376 2810 470 2867 Cicero
489 2812 580 2865 utItur
597 2812 650 2866 hoo
668 2813 752 2867 verbo
774 2814 885 2881 (deieci.)
905 2812 965 2865 sine
984 2811 1116 2880 obieoto',
1138 2813 1193 2866 eei-

180 2883 248 2938 lioet
271 2883 410 2954 quodibi
433 2883 587 2936 docuerant
611 2883 668 2936 alii.
705 2883 803 2951 Aeque
824 2883 985 2937 memoriter
1004 2882 1149 2936 desiderat
1168 2891 1195 2939 te

179 2972 207 3024 p.
222 2959 282 3007 443.
299 2959 340 3006 34.
368 2953 413 3006 Ad
430 2971 458 3022 p.
474 2959 515 3008 12.
531 2959 555 3007 8.
571 2985 606 2994 -
620 2959 654 3006 26
672 2954 798 3021 habitat,
817 2955 882 3009 oiim
899 2954 1047 3008 omrooltait
1066 2953 1194 3008 aNonio

181 3030 222 3078 90.
238 3030 254 3077 2
272 3024 377 3077 Baiter.
409 3027 419 3094 11
450 3025 485 3078 Ρ.
500 3023 599 3079 127.7
623 3024 744 3079 fortasse
766 3025 867 3078 melius
892 3024 1008 3077 additur
1026 3024 1058 3077 de
1076 3026 1109 3077 ut
1127 3042 1152 3078 v.
1169 3043 1192 3079 e.

181 3093 287 3148 cluent.
299 3100 341 3148 52.
354 3099 404 3147 143
419 3096 463 3148 eet
476 3097 565 3149 neseio
579 3096 640 3164 puis
653 3096 685 3149 de
699 3097 788 3150 111.-
801 3096 841 3149 lh.
852 3101 951 3163 etque
964 3110 1104 3149 accensam
1118 3096 1192 3150 coni.

181 3164 277 3232 Orelli,
296 3182 347 3219 ser.
362 3164 493 3219 Wesenb.
513 3197 548 3206 -
573 3172 640 3233 81q.
661 3166 748 3221 eludit
764 3167 857 3220 rtatim
874 3182 917 3219 ree
931 3183 959 3234 p.
977 3165 1058 3236 lepem
1076 3165 1196 3236 Madvig

180 3236 249 3290 Adv.
264 3237 303 3288 III
321 3255 347 3305 p.
365 3242 428 3304 174,
452 3237 525 3291 dimit
546 3238 639 3291 rtatim
660 3253 723 3290 reae
742 3237 836 3304 Papio
854 3237 922 3305 tepet
949 3233 996 3304 μοι’
1020 3234 1079 3288 ἐστι’
1093 3255 1133 3303 τι,
1158 3239 1193 3291 οὐ

181 3310 229 3362 ool
244 3305 280 3375 δ’,
289 3305 371 3375 Ἄρες,
391 3306 449 3376 ἅμα
468 3303 568 3377 Παφίῃ
582 3305 713 3359 Tunetall
728 3307 804 3375 apud
818 3306 957 3372 Bootium,
977 3305 1010 3359 oo
1025 3321 1069 3359 σοι
1083 3310 1194 3376 πατρίς,

180 3378 251 3432 ἀλλὰ
279 3377 355 3446 φήνῃ
379 3376 487 3431 ourliu
508 3393 600 3447 progr.
622 3376 739 3445 Steglitz
764 3380 832 3429 1898
855 3394 882 3445 p.
899 3381 932 3429 14
942 3393 1002 3444 sqq.
1031 3407 1066 3416 -—
1094 3382 1128 3430 10
1153 3377 1199 3433 VI

181 3448 289 3518 Tyr-rell
317 3451 370 3503 tae.
400 3481 435 3489 -
464 3455 496 3502 11
521 3453 612 3517 aperte
633 3463 684 3515 pro
709 3447 747 3501 ad
766 3453 876 3515 portam
898 3449 964 3500 vett.
986 3446 1062 3515 edd,
1085 3447 1194 3518 Baiter,
