2616 3884
171 139 235 203 196
489 137 525 191 Μ.
546 137 651 190 TULLI
670 135 857 191 CICERONIS

168 303 344 365 expensum
372 303 467 352 nemo
500 281 590 344 feret.
636 279 699 344 Sed
728 280 807 344 haec
833 301 952 364 coram3
982 303 1056 344 nam
1083 279 1182 345 mulli

170 370 327 434 sermonis
365 373 449 434 sunl.
504 369 633 433 Tironis
670 368 830 433 reficiendi
867 391 938 452 spes
976 372 1025 432 esd
1061 369 1096 432 in
1127 368 1181 432 Μ’.

169 456 281 543 Curi03
305 457 356 522 cui
379 478 440 542 ego
463 457 576 542 scripsi
596 457 658 521 tibi
682 479 754 521 cum
771 457 992 542 gratissimum
1009 457 1180 522 facturum.

169 546 254 610 Data
276 565 299 610 v
322 543 398 609 Idus
421 544 588 610 Decembr.
613 568 631 609 a
653 543 770 609 Pontio
795 567 834 609 ex
856 544 1046 609 Trebulano,

645 720 701 785 IV.
1210 745 1225 786 5

249 842 306 898 Sor.
325 843 357 896 ia
375 843 543 911 Pompeiano
560 842 610 896 IV
625 848 674 897 aaa
691 842 749 894 III
761 842 805 895 Id.
825 841 890 895 Dec.
910 859 936 896 a.
956 845 1010 897 704
1029 846 1099 910 (50).

487 963 615 1020 CICERO
634 962 764 1018 ATTICO
785 964 858 1018 SAL.

136 1091 150 1139 1
237 1073 430 1157 Dionysium
453 1073 642 1158 flagrantem
661 1071 815 1136 desiderio
839 1073 888 1136 tui
911 1073 985 1137 misi
1008 1074 1048 1136 ad
1069 1078 1103 1136 Ie
1119 1094 1181 1138 nec

171 1162 351 1226 mehercule
374 1183 476 1245 aequo
500 1163 617 1246 anime,
640 1161 694 1224 sed
716 1161 779 1224 fuir
798 1161 1040 1225 concedendum.
1077 1160 1180 1237 Quem

171 1250 298 1334 quidem
326 1249 462 1334 cognovi
489 1270 587 1333 quom
614 1249 757 1334 doctum,
786 1250 872 1332 quod
901 1249 981 1313 mihi
1010 1251 1074 1314 iam
1103 1254 1224 1314 antero

172 1342 240 1401 erat
262 1341 386 1422 nobum,
408 1341 479 1401 bum
502 1359 578 1401 sane
597 1337 727 1420 plenum
746 1337 853 1422 officii,
876 1338 1056 1402 studiosum
1079 1339 1179 1402 etiam

171 1448 260 1490 meae
282 1426 396 1509 laudis,
419 1425 506 1510 frugi
528 1425 692 1489 hominem
711 1447 755 1508 ac,
776 1446 817 1489 ne
839 1425 1028 1490 libertinum
1048 1426 1180 1490 laudare

136 1531 152 1579 2
171 1515 288 1599 videar,
312 1515 405 1597 plane
427 1513 533 1578 virum
555 1514 684 1577 bonum.
729 1512 916 1596 Pompeium
938 1514 1004 1578 vidi
1026 1532 1078 1578 1111
1100 1513 1179 1578 Idus

171 1601 372 1667 Decembres,
417 1601 550 1665 Fuimus
574 1624 637 1665 una
659 1600 755 1664 hores
778 1601 856 1664 duas
879 1602 1023 1667 fortasse.
1059 1601 1180 1686 Magna

171 1691 295 1756 laetitia
326 1690 407 1754 mihi
438 1690 526 1753 risus
559 1694 607 1753 est
639 1689 731 1752 adfici
762 1711 834 1753 meo
866 1690 1017 1775 adventu,
1053 1690 1091 1755 de
1122 1691 1179 1754 bri·
1193 1715 1221 1754 15

171 1780 292 1862 umpho
323 1778 460 1862 hortari,
496 1778 656 1860 suscipere
691 1780 799 1860 partes
836 1799 923 1864 suae,
959 1800 1102 1863 monere,
1137 1800 1179 1843 ne

172 1870 246 1931 anle
278 1867 311 1934 in
344 1870 490 1930 senatum
521 1866 713 1950 accederem,
745 1887 841 1949 quam
867 1888 935 1930 rem
962 1867 1179 1950 confecissem,

171 1977 212 2019 ne
250 1954 391 2019 dicendis
429 1954 596 2018 sententiis
629 1954 768 2036 aliquem
800 1953 966 2018 bribunum
998 1954 1177 2019 alienarem.

172 2041 256 2118 Ouid
287 2043 436 2124 quaeris?
479 2042 514 2104 in
543 2041 605 2105 hoo
636 2041 742 2105 officio
772 2043 928 2106 sermonis
957 2042 1040 2106 nihil
1068 2043 1178 2126 poluit

172 2151 242 2193 esse
259 2129 424 2212 prolixius.
456 2129 504 2194 De
523 2151 557 2192 re
575 2129 703 2212 publica
720 2133 828 2194 aulem
846 2130 892 2193 ila
909 2152 1033 2194 mecum
1050 2130 1177 2195 loculus
1193 2157 1221 2195 ao

173 2221 235 2300 est,
263 2219 355 2300 quasi
380 2239 447 2282 non
473 2217 606 2281 dubium
635 2217 756 2281 bellum
778 2217 976 2282 haberemus.
1022 2217 1114 2282 Nihil
1137 2219 1178 2282 ad

173 2327 263 2388 spem
294 2305 487 2370 concordiae.
532 2305 629 2370 Plane
661 2306 754 2369 illum
786 2329 804 2370 a
834 2328 867 2370 se
899 2307 1073 2372 alienatum
1104 2328 1178 2371 cum

172 2396 246 2456 ante
264 2393 474 2480 intellegeret,
496 2398 566 2457 tum
583 2415 658 2457 vero
677 2416 832 2476 proxume
849 2394 1012 2459 iudicasse.
1041 2394 1178 2460 Venisse

172 2479 317 2544 Hirtium
340 2504 359 2545 a
382 2480 530 2567 Caesare,
559 2482 616 2566 qui
638 2485 723 2546 esset
752 2482 801 2545 illi
823 2483 1107 2565 familiarissimus,
1137 2483 1178 2546 ad

173 2589 207 2631 se
229 2591 295 2632 non
318 2571 496 2655 accessisse,
520 2574 561 2656 el,
583 2592 656 2634 cum
679 2571 733 2634 ille
752 2593 778 2634 a.
793 2570 820 2634 d.
836 2588 898 2634 vm
916 2569 991 2635 Idus
1011 2570 1175 2636 Decembr.
1191 2596 1219 2636 aa

172 2658 297 2739 vesperi
326 2658 480 2742 venissel,
510 2659 631 2722 Balbus
667 2659 705 2723 de
734 2661 804 2723 lota
834 2681 868 2722 re
898 2660 1118 2723 constituisset
1149 2681 1176 2722 a.

173 2744 200 2808 d.
231 2762 281 2808 v11
312 2745 351 2809 ad
384 2745 563 2829 Scipionem
599 2750 673 2810 ante
708 2746 811 2810 lucem
847 2747 968 2832 venire,
1003 2747 1106 2810 mulla
1138 2746 1177 2810 de

171 2835 266 2896 nocte
302 2855 374 2897 eum
409 2834 588 2917 profectum
625 2856 694 2899 esse
730 2835 770 2898 ad
801 2832 976 2900 Caesarem.
1025 2835 1096 2899 Hoc
1127 2835 1177 2898 illi

138 2935 153 2983 3
173 2923 390 3007 τεκμηριῶδες
412 2922 579 2986 ridebatur
602 2945 671 2987 esse
694 2922 904 2987 alienationis.
948 2922 1031 2999 Ouid
1052 2923 1177 2986 mulla?

172 3008 256 3072 nihil
277 3032 329 3074 me
352 3010 439 3073 aliud
461 3010 655 3096 consolatur,
675 3011 739 3074 nisi
758 3011 844 3095 quod
861 3011 962 3094 illum,
986 3012 1062 3094 quoi
1080 3011 1178 3074 eliam
1191 3036 1219 3076 ao

172 3097 294 3160 inimici
322 3098 458 3162 alierum
485 3099 699 3182 consulatum,
725 3100 856 3163 fortuna
883 3121 1040 3163 summam
1067 3103 1179 3182 poten-

172 3185 252 3248 tiam
275 3185 405 3271 dederit,
427 3208 493 3251 non
515 3187 655 3251 arbitror
677 3187 746 3250 fore
764 3191 830 3251 tam
851 3190 1018 3272 amentem,
1039 3190 1077 3251 ub
1098 3187 1179 3251 haec

172 3273 207 3337 in
229 3274 400 3338 discrimen
422 3274 565 3339 adducat.
611 3274 731 3350 Quodsi
753 3296 845 3339 ruere
860 3275 1025 3359 coeperit,
1053 3296 1094 3338 ne
1116 3296 1177 3359 ego

172 3362 274 3426 multa
296 3363 407 3448 limem
431 3385 511 3446 quae
533 3384 599 3427 non
622 3362 721 3426 audeo
745 3364 889 3427 scribere.
936 3363 1010 3449 Sed,
1033 3366 1070 3426 ut
1091 3384 1179 3427 nunc

172 3455 231 3536 est,
254 3473 280 3516 a.
304 3451 332 3515 d.
356 3470 395 3516 111
417 3449 528 3516 Nonas
550 3449 616 3515 Ian.
640 3451 679 3514 ad
702 3451 814 3516 urbem
837 3451 952 3535 cogito.
1192 3476 1218 3517 aa
