<?xml version="1.0" encoding="UTF-8"?>
<!DOCTYPE html PUBLIC "-//W3C//DTD XHTML 1.0 Transitional//EN"
    "http://www.w3.org/TR/xhtml1/DTD/xhtml1-transitional.dtd">
<html xmlns="http://www.w3.org/1999/xhtml" xml:lang="en" lang="en">
 <head>
  <title>
</title>
<meta http-equiv="Content-Type" content="text/html;charset=utf-8" />
  <meta name='ocr-system' content='tesseract 3.04.00' />
  <meta name='ocr-capabilities' content='ocr_page ocr_carea ocr_par ocr_line ocrx_word'/>
</head>
<body>
  <div class='ocr_page' id='page_1' title='image "./scriptaquaemans00mullgoog_0537.png"; bbox 0 0 2564 3880; ppageno 0'>
   <div class='ocr_carea' id='block_1_1' title="bbox 154 160 850 230">
    <p class='ocr_par' dir='ltr' id='par_1_1' title="bbox 154 160 850 230">
     <span class='ocr_line' id='line_1_1' title="bbox 154 160 850 230; baseline -0.024 0"><span class='ocrx_word' id='word_1_1' title='bbox 154 165 221 230; x_wconf 77' lang='grc'>374</span> <span class='ocrx_word' id='word_1_2' title='bbox 474 163 513 217; x_wconf 90' lang='grc' dir='ltr'>Μ.</span> <span class='ocrx_word' id='word_1_3' title='bbox 534 161 641 217; x_wconf 87' lang='lat' dir='ltr'>TULLI</span> <span class='ocrx_word' id='word_1_4' title='bbox 660 160 850 216; x_wconf 79' lang='lat' dir='ltr'>CICERONIS</span> 
     </span>
    </p>
   </div>
   <div class='ocr_carea' id='block_1_2' title="bbox 363 389 968 581">
    <p class='ocr_par' dir='ltr' id='par_1_2' title="bbox 363 389 968 581">
     <span class='ocr_line' id='line_1_2' title="bbox 587 389 738 456; baseline 0 0"><span class='ocrx_word' id='word_1_5' title='bbox 587 389 738 456; x_wconf 90' lang='lat' dir='ltr'>XXVIII.</span> 
     </span>
     <span class='ocr_line' id='line_1_3' title="bbox 363 513 968 581; baseline -0.013 -9"><span class='ocrx_word' id='word_1_6' title='bbox 363 516 421 572; x_wconf 79' lang='lat' dir='ltr'>Ser.</span> <span class='ocrx_word' id='word_1_7' title='bbox 436 515 558 570; x_wconf 77' lang='lat' dir='ltr'><strong><em>Asturae</em></strong></span> <span class='ocrx_word' id='word_1_8' title='bbox 576 514 626 567; x_wconf 90' lang='lat' dir='ltr'>IX</span> <span class='ocrx_word' id='word_1_9' title='bbox 643 513 681 566; x_wconf 88' lang='lat' dir='ltr'>K.</span> <span class='ocrx_word' id='word_1_10' title='bbox 696 513 766 581; x_wconf 81' lang='lat' dir='ltr'>Apr.</span> <span class='ocrx_word' id='word_1_11' title='bbox 782 531 808 566; x_wconf 87' lang='lat' dir='ltr'>a.</span> <span class='ocrx_word' id='word_1_12' title='bbox 824 516 879 566; x_wconf 80' lang='lat'>709</span> <span class='ocrx_word' id='word_1_13' title='bbox 900 514 968 580; x_wconf 82' lang='lat'><em>(45).</em></span> 
     </span>
    </p>
   </div>
   <div class='ocr_carea' id='block_1_3' title="bbox 462 632 872 694">
    <p class='ocr_par' dir='ltr' id='par_1_3' title="bbox 462 632 872 694">
     <span class='ocr_line' id='line_1_4' title="bbox 462 632 872 694; baseline -0.01 -4"><span class='ocrx_word' id='word_1_14' title='bbox 462 635 607 691; x_wconf 78' lang='lat' dir='ltr'><strong><em>CICERO</em></strong></span> <span class='ocrx_word' id='word_1_15' title='bbox 625 634 771 694; x_wconf 79' lang='lat' dir='ltr'><strong><em>ATTICO</em></strong></span> <span class='ocrx_word' id='word_1_16' title='bbox 789 632 872 688; x_wconf 77' lang='lat' dir='ltr'><strong><em>SAL.</em></strong></span> 
     </span>
    </p>
   </div>
   <div class='ocr_carea' id='block_1_4' title="bbox 120 739 1219 1010">
    <p class='ocr_par' dir='ltr' id='par_1_4' title="bbox 120 708 1273 1010">
     <span class='ocr_line' id='line_1_5' title="bbox 120 739 1180 828; baseline -0.009 -14"><span class='ocrx_word' id='word_1_17' title='bbox 120 765 134 813; x_wconf 93' lang='lat'>1</span> <span class='ocrx_word' id='word_1_18' title='bbox 222 746 272 813; x_wconf 93' lang='lat' dir='ltr'>De</span> <span class='ocrx_word' id='word_1_19' title='bbox 304 744 385 810; x_wconf 80' lang='lat' dir='ltr'>Silio</span> <span class='ocrx_word' id='word_1_20' title='bbox 417 745 486 808; x_wconf 90' lang='lat' dir='ltr'>nilo</span> <span class='ocrx_word' id='word_1_21' title='bbox 519 745 612 828; x_wconf 85' lang='lat' dir='ltr'>plura</span> <span class='ocrx_word' id='word_1_22' title='bbox 645 744 782 828; x_wconf 82' lang='lat' dir='ltr'>cognovi</span> <span class='ocrx_word' id='word_1_23' title='bbox 814 764 852 806; x_wconf 85' lang='lat' dir='ltr'>ex</span> <span class='ocrx_word' id='word_1_24' title='bbox 884 746 1054 825; x_wconf 79' lang='lat' dir='ltr'>praesente</span> <span class='ocrx_word' id='word_1_25' title='bbox 1085 739 1180 806; x_wconf 84' lang='lat' dir='ltr'>Sicca</span> 
     </span>
     <span class='ocr_line' id='line_1_6' title="bbox 156 828 1219 921; baseline -0.003 -22"><span class='ocrx_word' id='word_1_26' title='bbox 156 859 253 921; x_wconf 90' lang='lat' dir='ltr'>quam</span> <span class='ocrx_word' id='word_1_27' title='bbox 277 856 316 898; x_wconf 88' lang='lat' dir='ltr'>ex</span> <span class='ocrx_word' id='word_1_28' title='bbox 338 833 458 897; x_wconf 88' lang='lat' dir='ltr'>litteris</span> <span class='ocrx_word' id='word_1_29' title='bbox 483 833 560 896; x_wconf 90' lang='lat' dir='ltr'>eius.</span> <span class='ocrx_word' id='word_1_30' title='bbox 607 831 786 915; x_wconf 83' lang='lat' dir='ltr'>Scripserat</span> <span class='ocrx_word' id='word_1_31' title='bbox 810 830 897 895; x_wconf 90' lang='lat' dir='ltr'>enim</span> <span class='ocrx_word' id='word_1_32' title='bbox 919 831 1101 915; x_wconf 78' lang='lat' dir='ltr'>diligenter.</span> <span class='ocrx_word' id='word_1_33' title='bbox 1143 828 1219 896; x_wconf 67' lang='lat' dir='ltr'>Sis</span> 
     </span>
     <span class='ocr_line' id='line_1_7' title="bbox 155 918 1180 1010; baseline -0.008 -21"><span class='ocrx_word' id='word_1_34' title='bbox 155 925 259 1010; x_wconf 91' lang='lat' dir='ltr'>igitur</span> <span class='ocrx_word' id='word_1_35' title='bbox 276 927 314 986; x_wconf 88' lang='lat' dir='ltr'>tu</span> <span class='ocrx_word' id='word_1_36' title='bbox 332 922 426 985; x_wconf 89' lang='lat' dir='ltr'>illum</span> <span class='ocrx_word' id='word_1_37' title='bbox 444 921 640 1006; x_wconf 78' lang='lat' dir='ltr'>conveneris,</span> <span class='ocrx_word' id='word_1_38' title='bbox 664 919 784 984; x_wconf 81' lang='lat' dir='ltr'>scribes</span> <span class='ocrx_word' id='word_1_39' title='bbox 804 918 922 1003; x_wconf 85' lang='lat' dir='ltr'>adme,</span> <span class='ocrx_word' id='word_1_40' title='bbox 946 919 975 982; x_wconf 91' lang='lat' dir='ltr'>si</span> <span class='ocrx_word' id='word_1_41' title='bbox 994 918 1073 1002; x_wconf 92' lang='lat' dir='ltr'>quid</span> <span class='ocrx_word' id='word_1_42' title='bbox 1090 918 1180 982; x_wconf 91' lang='lat' dir='ltr'>vide-</span> 
     </span>
    </p>
   </div>
   <div class='ocr_carea' id='block_1_5' title="bbox 120 1006 1276 3562">
    <p class='ocr_par' dir='ltr' id='par_1_5' title="bbox 155 1006 1274 1181">
     <span class='ocr_line' id='line_1_8' title="bbox 156 1006 1274 1093; baseline -0.006 -17"><span class='ocrx_word' id='word_1_43' title='bbox 156 1014 254 1076; x_wconf 89' lang='lat' dir='ltr'>bitur.</span> <span class='ocrx_word' id='word_1_44' title='bbox 291 1009 340 1074; x_wconf 91' lang='lat' dir='ltr'>De</span> <span class='ocrx_word' id='word_1_45' title='bbox 365 1031 429 1093; x_wconf 90' lang='lat' dir='ltr'>quo</span> <span class='ocrx_word' id='word_1_46' title='bbox 453 1013 549 1092; x_wconf 88' lang='lat' dir='ltr'>putas</span> <span class='ocrx_word' id='word_1_47' title='bbox 574 1009 689 1072; x_wconf 80' lang='lat' dir='ltr'>adine</span> <span class='ocrx_word' id='word_1_48' title='bbox 712 1008 848 1072; x_wconf 90' lang='lat' dir='ltr'>missum</span> <span class='ocrx_word' id='word_1_49' title='bbox 872 1028 951 1090; x_wconf 90' lang='lat' dir='ltr'>esse,</span> <span class='ocrx_word' id='word_1_50' title='bbox 975 1007 1018 1070; x_wconf 88' lang='lat' dir='ltr'>sit</span> <span class='ocrx_word' id='word_1_51' title='bbox 1036 1006 1178 1070; x_wconf 90' lang='lat' dir='ltr'>missum</span> <span class='ocrx_word' id='word_1_52' title='bbox 1273 1014 1274 1092; x_wconf 68' lang='lat' dir='ltr'>t</span> 
     </span>
     <span class='ocr_line' id='line_1_9' title="bbox 155 1094 1177 1181; baseline -0.007 -17"><span class='ocrx_word' id='word_1_53' title='bbox 155 1121 268 1181; x_wconf 87' lang='lat' dir='ltr'>necne,</span> <span class='ocrx_word' id='word_1_54' title='bbox 299 1098 423 1181; x_wconf 80' lang='lat' dir='ltr'>nesci03</span> <span class='ocrx_word' id='word_1_55' title='bbox 455 1097 579 1161; x_wconf 87' lang='lat' dir='ltr'>dictum</span> <span class='ocrx_word' id='word_1_56' title='bbox 612 1096 741 1180; x_wconf 90' lang='lat' dir='ltr'>quidem</span> <span class='ocrx_word' id='word_1_57' title='bbox 773 1095 854 1159; x_wconf 88' lang='lat' dir='ltr'>mihi</span> <span class='ocrx_word' id='word_1_58' title='bbox 886 1099 973 1158; x_wconf 89' lang='lat' dir='ltr'>certe</span> <span class='ocrx_word' id='word_1_59' title='bbox 1003 1094 1088 1158; x_wconf 89' lang='lat' dir='ltr'>nihil</span> <span class='ocrx_word' id='word_1_60' title='bbox 1116 1097 1177 1158; x_wconf 88' lang='lat' dir='ltr'>est.</span> 
     </span>
    </p>

    <p class='ocr_par' dir='ltr' id='par_1_6' title="bbox 156 1183 1275 1532">
     <span class='ocr_line' id='line_1_10' title="bbox 156 1183 1178 1271; baseline -0.005 -20"><span class='ocrx_word' id='word_1_61' title='bbox 156 1188 206 1252; x_wconf 86' lang='lat' dir='ltr'>Tu</span> <span class='ocrx_word' id='word_1_62' title='bbox 228 1187 344 1271; x_wconf 81' lang='lat' dir='ltr'>igitur,</span> <span class='ocrx_word' id='word_1_63' title='bbox 372 1190 409 1249; x_wconf 89' lang='lat' dir='ltr'>ut</span> <span class='ocrx_word' id='word_1_64' title='bbox 433 1185 582 1269; x_wconf 90' lang='lat' dir='ltr'>coepisti,</span> <span class='ocrx_word' id='word_1_65' title='bbox 609 1189 650 1268; x_wconf 87' lang='lat' dir='ltr'>ct,</span> <span class='ocrx_word' id='word_1_66' title='bbox 681 1183 811 1267; x_wconf 88' lang='lat' dir='ltr'>siquid</span> <span class='ocrx_word' id='word_1_67' title='bbox 834 1183 882 1247; x_wconf 88' lang='lat' dir='ltr'>ita</span> <span class='ocrx_word' id='word_1_68' title='bbox 905 1183 1063 1266; x_wconf 90' lang='lat' dir='ltr'>conficies,</span> <span class='ocrx_word' id='word_1_69' title='bbox 1087 1183 1178 1266; x_wconf 88' lang='lat' dir='ltr'>quod</span> 
     </span>
     <span class='ocr_line' id='line_1_11' title="bbox 156 1269 1275 1359; baseline -0.004 -19"><span class='ocrx_word' id='word_1_70' title='bbox 156 1275 305 1359; x_wconf 87' lang='lat' dir='ltr'>equidem</span> <span class='ocrx_word' id='word_1_71' title='bbox 327 1295 394 1338; x_wconf 90' lang='lat' dir='ltr'>non</span> <span class='ocrx_word' id='word_1_72' title='bbox 417 1273 558 1337; x_wconf 87' lang='lat' dir='ltr'>arbitror</span> <span class='ocrx_word' id='word_1_73' title='bbox 580 1273 652 1336; x_wconf 89' lang='lat' dir='ltr'>fieri</span> <span class='ocrx_word' id='word_1_74' title='bbox 674 1294 779 1356; x_wconf 89' lang='lat' dir='ltr'>posse,</span> <span class='ocrx_word' id='word_1_75' title='bbox 802 1276 840 1335; x_wconf 90' lang='lat' dir='ltr'>ut</span> <span class='ocrx_word' id='word_1_76' title='bbox 863 1271 912 1335; x_wconf 94' lang='lat' dir='ltr'>illi</span> <span class='ocrx_word' id='word_1_77' title='bbox 934 1271 1101 1355; x_wconf 78' lang='lat' dir='ltr'>probetur,</span> <span class='ocrx_word' id='word_1_78' title='bbox 1124 1269 1177 1334; x_wconf 89' lang='lat' dir='ltr'>Ci-</span> <span class='ocrx_word' id='word_1_79' title='bbox 1190 1298 1217 1336; x_wconf 84' lang='grc'>11</span> <span class='ocrx_word' id='word_1_80' title='bbox 1274 1323 1275 1356; x_wconf 65' lang='grc'>,</span> 
     </span>
     <span class='ocr_line' id='line_1_12' title="bbox 157 1359 1275 1446; baseline -0.005 -18"><span class='ocrx_word' id='word_1_81' title='bbox 157 1385 319 1446; x_wconf 80' lang='lat' dir='ltr'>seronem,</span> <span class='ocrx_word' id='word_1_82' title='bbox 356 1362 384 1426; x_wconf 93' lang='lat' dir='ltr'>si</span> <span class='ocrx_word' id='word_1_83' title='bbox 420 1362 482 1425; x_wconf 91' lang='lat' dir='ltr'>tibi</span> <span class='ocrx_word' id='word_1_84' title='bbox 519 1361 672 1444; x_wconf 79' lang='lat' dir='ltr'>placebit,</span> <span class='ocrx_word' id='word_1_85' title='bbox 710 1359 886 1426; x_wconf 80' lang='lat' dir='ltr'>adhibebis.</span> <span class='ocrx_word' id='word_1_86' title='bbox 937 1359 1019 1424; x_wconf 87' lang='lat' dir='ltr'>Eius</span> <span class='ocrx_word' id='word_1_87' title='bbox 1052 1359 1177 1442; x_wconf 88' lang='lat' dir='ltr'>aliquid</span> <span class='ocrx_word' id='word_1_88' title='bbox 1274 1359 1275 1368; x_wconf 75' lang='grc'>’</span> 
     </span>
     <span class='ocr_line' id='line_1_13' title="bbox 156 1447 1178 1532; baseline -0.005 -16"><span class='ocrx_word' id='word_1_89' title='bbox 156 1452 292 1516; x_wconf 88' lang='lat' dir='ltr'>interest</span> <span class='ocrx_word' id='word_1_90' title='bbox 315 1450 418 1514; x_wconf 91' lang='lat' dir='ltr'>videri</span> <span class='ocrx_word' id='word_1_91' title='bbox 441 1449 529 1514; x_wconf 90' lang='lat' dir='ltr'>illius</span> <span class='ocrx_word' id='word_1_92' title='bbox 554 1470 649 1513; x_wconf 90' lang='lat' dir='ltr'>eausa</span> <span class='ocrx_word' id='word_1_93' title='bbox 672 1449 824 1532; x_wconf 89' lang='lat' dir='ltr'>voluisse,</span> <span class='ocrx_word' id='word_1_94' title='bbox 847 1469 919 1512; x_wconf 89' lang='lat' dir='ltr'>mea</span> <span class='ocrx_word' id='word_1_95' title='bbox 942 1448 1072 1531; x_wconf 90' lang='lat' dir='ltr'>quidem</span> <span class='ocrx_word' id='word_1_96' title='bbox 1092 1447 1178 1511; x_wconf 91' lang='lat' dir='ltr'>nihil</span> 
     </span>
    </p>

    <p class='ocr_par' dir='ltr' id='par_1_7' title="bbox 156 1537 1048 1624">
     <span class='ocr_line' id='line_1_14' title="bbox 156 1537 1048 1624; baseline -0.006 -20"><span class='ocrx_word' id='word_1_97' title='bbox 156 1541 221 1604; x_wconf 88' lang='lat' dir='ltr'>nisi</span> <span class='ocrx_word' id='word_1_98' title='bbox 244 1539 287 1624; x_wconf 93' lang='lat' dir='ltr'>id,</span> <span class='ocrx_word' id='word_1_99' title='bbox 310 1538 397 1622; x_wconf 92' lang='lat' dir='ltr'>quod</span> <span class='ocrx_word' id='word_1_100' title='bbox 419 1541 456 1602; x_wconf 93' lang='lat' dir='ltr'>tu</span> <span class='ocrx_word' id='word_1_101' title='bbox 481 1537 552 1620; x_wconf 89' lang='lat' dir='ltr'>scis,</span> <span class='ocrx_word' id='word_1_102' title='bbox 576 1537 662 1620; x_wconf 91' lang='lat' dir='ltr'>quod</span> <span class='ocrx_word' id='word_1_103' title='bbox 686 1558 746 1622; x_wconf 89' lang='lat' dir='ltr'>ego</span> <span class='ocrx_word' id='word_1_104' title='bbox 770 1537 880 1621; x_wconf 87' lang='lat' dir='ltr'>magni</span> <span class='ocrx_word' id='word_1_105' title='bbox 903 1537 1048 1600; x_wconf 87' lang='lat' dir='ltr'>aestimo.</span> 
     </span>
    </p>

    <p class='ocr_par' dir='ltr' id='par_1_8' title="bbox 121 1623 1276 2417">
     <span class='ocr_line' id='line_1_15' title="bbox 121 1623 1276 1710; baseline -0.004 -19"><span class='ocrx_word' id='word_1_106' title='bbox 121 1644 136 1691; x_wconf 82' lang='lat' dir='ltr'>a</span> <span class='ocrx_word' id='word_1_107' title='bbox 224 1627 317 1703; x_wconf 80' lang='lat' dir='ltr'>Quod</span> <span class='ocrx_word' id='word_1_108' title='bbox 348 1648 396 1691; x_wconf 84' lang='lat' dir='ltr'>me</span> <span class='ocrx_word' id='word_1_109' title='bbox 428 1627 472 1691; x_wconf 84' lang='lat' dir='ltr'>ud</span> <span class='ocrx_word' id='word_1_110' title='bbox 501 1647 606 1689; x_wconf 90' lang='lat' dir='ltr'>meam</span> <span class='ocrx_word' id='word_1_111' title='bbox 638 1625 902 1690; x_wconf 86' lang='lat' dir='ltr'>consuetudinem</span> <span class='ocrx_word' id='word_1_112' title='bbox 934 1646 1079 1710; x_wconf 85' lang='lat' dir='ltr'>revocas,</span> <span class='ocrx_word' id='word_1_113' title='bbox 1112 1624 1178 1687; x_wconf 82' lang='lat' dir='ltr'>fuit</span> <span class='ocrx_word' id='word_1_114' title='bbox 1275 1623 1276 1644; x_wconf 66' lang='lat'>¹</span> 
     </span>
     <span class='ocr_line' id='line_1_16' title="bbox 156 1711 1214 1798; baseline -0.003 -18"><span class='ocrx_word' id='word_1_115' title='bbox 156 1739 264 1780; x_wconf 91' lang='lat' dir='ltr'>meum</span> <span class='ocrx_word' id='word_1_116' title='bbox 288 1714 419 1798; x_wconf 87' lang='lat' dir='ltr'>quidem</span> <span class='ocrx_word' id='word_1_117' title='bbox 442 1715 507 1778; x_wconf 88' lang='lat' dir='ltr'>iam</span> <span class='ocrx_word' id='word_1_118' title='bbox 529 1713 654 1797; x_wconf 90' lang='lat' dir='ltr'>pridem</span> <span class='ocrx_word' id='word_1_119' title='bbox 674 1736 743 1777; x_wconf 92' lang='lat' dir='ltr'>rem</span> <span class='ocrx_word' id='word_1_120' title='bbox 761 1713 924 1796; x_wconf 86' lang='lat' dir='ltr'>publicam</span> <span class='ocrx_word' id='word_1_121' title='bbox 942 1711 1064 1797; x_wconf 89' lang='lat' dir='ltr'>lugere,</span> <span class='ocrx_word' id='word_1_122' title='bbox 1089 1713 1177 1796; x_wconf 91' lang='lat' dir='ltr'>quod</span> <span class='ocrx_word' id='word_1_123' title='bbox 1190 1738 1214 1777; x_wconf 82' lang='lat'>15</span> 
     </span>
     <span class='ocr_line' id='line_1_17' title="bbox 156 1800 1177 1888; baseline -0.004 -20"><span class='ocrx_word' id='word_1_124' title='bbox 156 1805 328 1886; x_wconf 83' lang='lat' dir='ltr'>faciebam,</span> <span class='ocrx_word' id='word_1_125' title='bbox 361 1801 416 1866; x_wconf 89' lang='lat' dir='ltr'>scd</span> <span class='ocrx_word' id='word_1_126' title='bbox 448 1801 574 1886; x_wconf 81' lang='lat' dir='ltr'>mitius3</span> <span class='ocrx_word' id='word_1_127' title='bbox 611 1805 680 1865; x_wconf 91' lang='lat' dir='ltr'>erat</span> <span class='ocrx_word' id='word_1_128' title='bbox 713 1802 812 1888; x_wconf 90' lang='lat' dir='ltr'>enim,</span> <span class='ocrx_word' id='word_1_129' title='bbox 844 1801 901 1865; x_wconf 90' lang='lat' dir='ltr'>ubi</span> <span class='ocrx_word' id='word_1_130' title='bbox 932 1800 1177 1884; x_wconf 89' lang='lat' dir='ltr'>acquiescerem.</span> 
     </span>
     <span class='ocr_line' id='line_1_18' title="bbox 156 1888 1177 1975; baseline -0.004 -19"><span class='ocrx_word' id='word_1_131' title='bbox 156 1891 253 1956; x_wconf 90' lang='lat' dir='ltr'>Nunc</span> <span class='ocrx_word' id='word_1_132' title='bbox 284 1891 379 1975; x_wconf 87' lang='lat' dir='ltr'>plane</span> <span class='ocrx_word' id='word_1_133' title='bbox 411 1912 471 1955; x_wconf 89' lang='lat' dir='ltr'>nec</span> <span class='ocrx_word' id='word_1_134' title='bbox 501 1911 560 1974; x_wconf 84' lang='lat' dir='ltr'>ego</span> <span class='ocrx_word' id='word_1_135' title='bbox 587 1891 711 1954; x_wconf 90' lang='lat' dir='ltr'>vietum</span> <span class='ocrx_word' id='word_1_136' title='bbox 737 1911 796 1954; x_wconf 90' lang='lat' dir='ltr'>nec</span> <span class='ocrx_word' id='word_1_137' title='bbox 822 1889 923 1954; x_wconf 87' lang='lat' dir='ltr'>vitam</span> <span class='ocrx_word' id='word_1_138' title='bbox 951 1888 1043 1952; x_wconf 89' lang='lat' dir='ltr'>illam</span> <span class='ocrx_word' id='word_1_139' title='bbox 1071 1889 1177 1952; x_wconf 90' lang='lat' dir='ltr'>colere</span> 
     </span>
     <span class='ocr_line' id='line_1_19' title="bbox 157 1976 1178 2152; baseline -0.003 -21"><span class='ocrx_word' id='word_1_140' title='bbox 157 1976 1178 2152; x_wconf 49' lang='grc' dir='ltr'>1353111ξοΜέἕ1ξϊοὲἓὲ111ᾛῑ11ἓᾞε111Ρέ1</span> 
     </span>
     <span class='ocr_line' id='line_1_20' title="bbox 156 2153 1216 2238; baseline -0.001 -19"><span class='ocrx_word' id='word_1_141' title='bbox 156 2156 249 2219; x_wconf 92' lang='lat' dir='ltr'>nium</span> <span class='ocrx_word' id='word_1_142' title='bbox 282 2177 397 2219; x_wconf 87' lang='lat' dir='ltr'>sermo.</span> <span class='ocrx_word' id='word_1_143' title='bbox 447 2153 542 2229; x_wconf 83' lang='lat' dir='ltr'>Quod</span> <span class='ocrx_word' id='word_1_144' title='bbox 572 2176 623 2218; x_wconf 90' lang='lat' dir='ltr'>me</span> <span class='ocrx_word' id='word_1_145' title='bbox 650 2155 720 2238; x_wconf 90' lang='lat' dir='ltr'>ipse</span> <span class='ocrx_word' id='word_1_146' title='bbox 748 2175 805 2238; x_wconf 90' lang='lat' dir='ltr'>per</span> <span class='ocrx_word' id='word_1_147' title='bbox 833 2154 960 2218; x_wconf 87' lang='lat' dir='ltr'>litteras</span> <span class='ocrx_word' id='word_1_148' title='bbox 988 2153 1178 2218; x_wconf 81' lang='lat' dir='ltr'>consolatus</span> <span class='ocrx_word' id='word_1_149' title='bbox 1191 2179 1216 2218; x_wconf 82' lang='lat' dir='ltr'>so</span> 
     </span>
     <span class='ocr_line' id='line_1_21' title="bbox 157 2239 1178 2329; baseline -0.003 -21"><span class='ocrx_word' id='word_1_150' title='bbox 157 2265 238 2329; x_wconf 86' lang='lat' dir='ltr'>sum,</span> <span class='ocrx_word' id='word_1_151' title='bbox 256 2266 322 2307; x_wconf 88' lang='lat' dir='ltr'>non</span> <span class='ocrx_word' id='word_1_152' title='bbox 341 2243 485 2326; x_wconf 87' lang='lat' dir='ltr'>paenitet</span> <span class='ocrx_word' id='word_1_153' title='bbox 502 2264 562 2325; x_wconf 90' lang='lat' dir='ltr'>me,</span> <span class='ocrx_word' id='word_1_154' title='bbox 582 2246 740 2324; x_wconf 87' lang='lat' dir='ltr'>quantum</span> <span class='ocrx_word' id='word_1_155' title='bbox 758 2242 957 2325; x_wconf 86' lang='lat' dir='ltr'>profecerim.</span> <span class='ocrx_word' id='word_1_156' title='bbox 994 2239 1178 2305; x_wconf 88' lang='lat' dir='ltr'>Maerorem</span> 
     </span>
     <span class='ocr_line' id='line_1_22' title="bbox 156 2329 1085 2417; baseline -0.003 -22"><span class='ocrx_word' id='word_1_157' title='bbox 156 2331 271 2417; x_wconf 91' lang='lat' dir='ltr'>minui,</span> <span class='ocrx_word' id='word_1_158' title='bbox 293 2331 437 2395; x_wconf 89' lang='lat' dir='ltr'>dolorem</span> <span class='ocrx_word' id='word_1_159' title='bbox 460 2352 519 2394; x_wconf 88' lang='lat' dir='ltr'>nec</span> <span class='ocrx_word' id='word_1_160' title='bbox 541 2331 634 2412; x_wconf 92' lang='lat' dir='ltr'>potui</span> <span class='ocrx_word' id='word_1_161' title='bbox 656 2352 724 2415; x_wconf 89' lang='lat' dir='ltr'>nec,</span> <span class='ocrx_word' id='word_1_162' title='bbox 747 2330 775 2394; x_wconf 91' lang='lat' dir='ltr'>si</span> <span class='ocrx_word' id='word_1_163' title='bbox 798 2352 937 2413; x_wconf 87' lang='lat' dir='ltr'>possem,</span> <span class='ocrx_word' id='word_1_164' title='bbox 960 2329 1085 2395; x_wconf 91' lang='lat' dir='ltr'>vellem.</span> 
     </span>
    </p>

    <p class='ocr_par' dir='ltr' id='par_1_9' title="bbox 121 2418 1177 2501">
     <span class='ocr_line' id='line_1_23' title="bbox 121 2418 1177 2501; baseline -0.001 -18"><span class='ocrx_word' id='word_1_165' title='bbox 121 2435 137 2483; x_wconf 78' lang='lat'><em>8</em></span> <span class='ocrx_word' id='word_1_166' title='bbox 224 2418 273 2483; x_wconf 92' lang='lat' dir='ltr'>De</span> <span class='ocrx_word' id='word_1_167' title='bbox 302 2418 429 2482; x_wconf 84' lang='lat' dir='ltr'>Triario</span> <span class='ocrx_word' id='word_1_168' title='bbox 461 2419 543 2482; x_wconf 89' lang='lat' dir='ltr'>bene</span> <span class='ocrx_word' id='word_1_169' title='bbox 575 2418 800 2501; x_wconf 88' lang='lat' dir='ltr'>interpretaris</span> <span class='ocrx_word' id='word_1_170' title='bbox 829 2419 1031 2483; x_wconf 88' lang='lat' dir='ltr'>voluntatem</span> <span class='ocrx_word' id='word_1_171' title='bbox 1061 2440 1177 2482; x_wconf 88' lang='lat' dir='ltr'>meam.</span> 
     </span>
    </p>

    <p class='ocr_par' dir='ltr' id='par_1_10' title="bbox 156 2503 1215 2855">
     <span class='ocr_line' id='line_1_24' title="bbox 157 2503 1179 2592; baseline -0.001 -21"><span class='ocrx_word' id='word_1_172' title='bbox 157 2507 207 2571; x_wconf 84' lang='lat' dir='ltr'>Tu</span> <span class='ocrx_word' id='word_1_173' title='bbox 235 2528 311 2571; x_wconf 91' lang='lat' dir='ltr'>vero</span> <span class='ocrx_word' id='word_1_174' title='bbox 340 2507 438 2592; x_wconf 91' lang='grc'>1111111,</span> <span class='ocrx_word' id='word_1_175' title='bbox 463 2506 529 2570; x_wconf 91' lang='lat' dir='ltr'>nisi</span> <span class='ocrx_word' id='word_1_176' title='bbox 558 2509 596 2570; x_wconf 94' lang='lat' dir='ltr'>ut</span> <span class='ocrx_word' id='word_1_177' title='bbox 625 2506 675 2569; x_wconf 91' lang='lat' dir='ltr'>illi</span> <span class='ocrx_word' id='word_1_178' title='bbox 701 2506 820 2571; x_wconf 90' lang='lat' dir='ltr'>volent.</span> <span class='ocrx_word' id='word_1_179' title='bbox 866 2503 951 2570; x_wconf 85' lang='lat' dir='ltr'>Arno</span> <span class='ocrx_word' id='word_1_180' title='bbox 974 2506 1068 2569; x_wconf 86' lang='lat' dir='ltr'>illurn</span> <span class='ocrx_word' id='word_1_181' title='bbox 1092 2529 1179 2570; x_wconf 90' lang='lat' dir='ltr'>mor-</span> 
     </span>
     <span class='ocr_line' id='line_1_25' title="bbox 157 2594 1215 2680; baseline 0.001 -21"><span class='ocrx_word' id='word_1_182' title='bbox 157 2600 264 2680; x_wconf 89' lang='lat' dir='ltr'>tuum,</span> <span class='ocrx_word' id='word_1_183' title='bbox 297 2598 388 2658; x_wconf 89' lang='lat' dir='ltr'>tutor</span> <span class='ocrx_word' id='word_1_184' title='bbox 418 2616 491 2658; x_wconf 89' lang='lat' dir='ltr'>sum</span> <span class='ocrx_word' id='word_1_185' title='bbox 517 2594 644 2678; x_wconf 88' lang='lat' dir='ltr'>liberis,</span> <span class='ocrx_word' id='word_1_186' title='bbox 676 2598 781 2659; x_wconf 90' lang='lat' dir='ltr'>totam</span> <span class='ocrx_word' id='word_1_187' title='bbox 809 2594 941 2659; x_wconf 93' lang='lat' dir='ltr'>domum</span> <span class='ocrx_word' id='word_1_188' title='bbox 969 2594 1079 2679; x_wconf 81' lang='lat' dir='ltr'>diligo.</span> <span class='ocrx_word' id='word_1_189' title='bbox 1128 2594 1215 2660; x_wconf 75' lang='lat' dir='ltr'>Deae</span> 
     </span>
     <span class='ocr_line' id='line_1_26' title="bbox 157 2681 1179 2767; baseline -0.001 -20"><span class='ocrx_word' id='word_1_190' title='bbox 157 2681 358 2747; x_wconf 85' lang='lat' dir='ltr'>Castriciano</span> <span class='ocrx_word' id='word_1_191' title='bbox 381 2683 524 2767; x_wconf 81' lang='lat' dir='ltr'>negotiO,</span> <span class='ocrx_word' id='word_1_192' title='bbox 555 2682 583 2746; x_wconf 93' lang='lat' dir='ltr'>si</span> <span class='ocrx_word' id='word_1_193' title='bbox 607 2681 783 2747; x_wconf 85' lang='lat' dir='ltr'>Castricius</span> <span class='ocrx_word' id='word_1_194' title='bbox 806 2705 866 2766; x_wconf 90' lang='lat' dir='ltr'>pro</span> <span class='ocrx_word' id='word_1_195' title='bbox 889 2683 1060 2766; x_wconf 88' lang='lat' dir='ltr'>mancipiis</span> <span class='ocrx_word' id='word_1_196' title='bbox 1083 2705 1179 2766; x_wconf 90' lang='lat' dir='ltr'>pecu-</span> 
     </span>
     <span class='ocr_line' id='line_1_27' title="bbox 156 2770 1180 2855; baseline 0.001 -21"><span class='ocrx_word' id='word_1_197' title='bbox 156 2771 244 2834; x_wconf 89' lang='lat' dir='ltr'>niam</span> <span class='ocrx_word' id='word_1_198' title='bbox 268 2770 411 2853; x_wconf 88' lang='lat' dir='ltr'>accipere</span> <span class='ocrx_word' id='word_1_199' title='bbox 433 2771 521 2835; x_wconf 91' lang='lat' dir='ltr'>volet</span> <span class='ocrx_word' id='word_1_200' title='bbox 544 2793 679 2855; x_wconf 88' lang='lat' dir='ltr'>eamque</span> <span class='ocrx_word' id='word_1_201' title='bbox 701 2771 764 2852; x_wconf 89' lang='lat' dir='ltr'>†ei</span> <span class='ocrx_word' id='word_1_202' title='bbox 789 2771 883 2855; x_wconf 92' lang='lat' dir='ltr'>solvi,</span> <span class='ocrx_word' id='word_1_203' title='bbox 911 2776 949 2835; x_wconf 91' lang='lat' dir='ltr'>ut</span> <span class='ocrx_word' id='word_1_204' title='bbox 971 2792 1057 2836; x_wconf 89' lang='lat' dir='ltr'>nunc</span> <span class='ocrx_word' id='word_1_205' title='bbox 1081 2772 1180 2835; x_wconf 88' lang='lat' dir='ltr'>solvi·</span> 
     </span>
    </p>

    <p class='ocr_par' dir='ltr' id='par_1_11' title="bbox 120 2857 1218 3562">
     <span class='ocr_line' id='line_1_28' title="bbox 120 2857 1178 2942; baseline 0.004 -22"><span class='ocrx_word' id='word_1_206' title='bbox 120 2857 126 2870; x_wconf 85' lang='lat'><em>&#39;</em></span> <span class='ocrx_word' id='word_1_207' title='bbox 156 2862 220 2942; x_wconf 92' lang='lat' dir='ltr'>tur,</span> <span class='ocrx_word' id='word_1_208' title='bbox 243 2861 327 2921; x_wconf 90' lang='lat' dir='ltr'>certe</span> <span class='ocrx_word' id='word_1_209' title='bbox 350 2857 433 2922; x_wconf 90' lang='lat' dir='ltr'>nihil</span> <span class='ocrx_word' id='word_1_210' title='bbox 456 2862 506 2922; x_wconf 91' lang='lat' dir='ltr'>est</span> <span class='ocrx_word' id='word_1_211' title='bbox 529 2859 736 2923; x_wconf 90' lang='lat' dir='ltr'>commodius.</span> <span class='ocrx_word' id='word_1_212' title='bbox 784 2857 842 2922; x_wconf 85' lang='lat' dir='ltr'>Sin</span> <span class='ocrx_word' id='word_1_213' title='bbox 866 2863 974 2924; x_wconf 90' lang='lat' dir='ltr'>autem</span> <span class='ocrx_word' id='word_1_214' title='bbox 997 2859 1044 2923; x_wconf 85' lang='lat' dir='ltr'>ita</span> <span class='ocrx_word' id='word_1_215' title='bbox 1068 2863 1178 2924; x_wconf 87' lang='lat' dir='ltr'>actum</span> 
     </span>
     <span class='ocr_line' id='line_1_29' title="bbox 157 2945 1179 3030; baseline 0.003 -21"><span class='ocrx_word' id='word_1_216' title='bbox 157 2949 216 3030; x_wconf 86' lang='lat' dir='ltr'>est,</span> <span class='ocrx_word' id='word_1_217' title='bbox 239 2949 276 3009; x_wconf 88' lang='lat' dir='ltr'>ut</span> <span class='ocrx_word' id='word_1_218' title='bbox 299 2945 370 3029; x_wconf 88' lang='lat' dir='ltr'>ipsa</span> <span class='ocrx_word' id='word_1_219' title='bbox 392 2947 553 3030; x_wconf 88' lang='lat' dir='ltr'>mancipia</span> <span class='ocrx_word' id='word_1_220' title='bbox 571 2947 750 3030; x_wconf 89' lang='lat' dir='ltr'>abduceret,</span> <span class='ocrx_word' id='word_1_221' title='bbox 773 2969 839 3012; x_wconf 90' lang='lat' dir='ltr'>non</span> <span class='ocrx_word' id='word_1_222' title='bbox 857 2947 939 3012; x_wconf 92' lang='lat' dir='ltr'>mihi</span> <span class='ocrx_word' id='word_1_223' title='bbox 956 2947 1086 3012; x_wconf 89' lang='lat' dir='ltr'>videtur</span> <span class='ocrx_word' id='word_1_224' title='bbox 1108 2970 1179 3012; x_wconf 87' lang='lat' dir='ltr'>esse</span> 
     </span>
     <span class='ocr_line' id='line_1_30' title="bbox 156 3031 1217 3122; baseline 0.005 -26"><span class='ocrx_word' id='word_1_225' title='bbox 156 3055 295 3116; x_wconf 89' lang='lat' dir='ltr'>aequum</span> <span class='ocrx_word' id='word_1_226' title='bbox 323 3031 434 3119; x_wconf 89' lang='lat' dir='ltr'>(rogas</span> <span class='ocrx_word' id='word_1_227' title='bbox 463 3035 549 3097; x_wconf 91' lang='lat' dir='ltr'>enim</span> <span class='ocrx_word' id='word_1_228' title='bbox 571 3057 636 3120; x_wconf 90' lang='lat' dir='ltr'>me,</span> <span class='ocrx_word' id='word_1_229' title='bbox 664 3040 701 3099; x_wconf 91' lang='lat' dir='ltr'>ut</span> <span class='ocrx_word' id='word_1_230' title='bbox 725 3036 787 3099; x_wconf 91' lang='lat' dir='ltr'>tibi</span> <span class='ocrx_word' id='word_1_231' title='bbox 811 3035 965 3122; x_wconf 85' lang='lat' dir='ltr'>scribam,</span> <span class='ocrx_word' id='word_1_232' title='bbox 992 3035 1071 3119; x_wconf 92' lang='lat' dir='ltr'>quid</span> <span class='ocrx_word' id='word_1_233' title='bbox 1093 3035 1178 3100; x_wconf 91' lang='lat' dir='ltr'>mihi</span> <span class='ocrx_word' id='word_1_234' title='bbox 1192 3061 1217 3101; x_wconf 81' lang='lat' dir='ltr'>ao</span> 
     </span>
     <span class='ocr_line' id='line_1_31' title="bbox 156 3119 1178 3208; baseline 0.003 -23"><span class='ocrx_word' id='word_1_235' title='bbox 156 3119 333 3207; x_wconf 83' lang='lat' dir='ltr'>videatur);</span> <span class='ocrx_word' id='word_1_236' title='bbox 363 3122 440 3186; x_wconf 90' lang='lat' dir='ltr'>nolo</span> <span class='ocrx_word' id='word_1_237' title='bbox 469 3122 555 3186; x_wconf 91' lang='lat' dir='ltr'>enim</span> <span class='ocrx_word' id='word_1_238' title='bbox 582 3122 706 3208; x_wconf 88' lang='lat' dir='ltr'>negotii</span> <span class='ocrx_word' id='word_1_239' title='bbox 736 3123 893 3200; x_wconf 83' lang='lat' dir='ltr'>Quintum</span> <span class='ocrx_word' id='word_1_240' title='bbox 921 3124 1058 3188; x_wconf 84' lang='lat' dir='ltr'>fratrem</span> <span class='ocrx_word' id='word_1_241' title='bbox 1086 3125 1178 3208; x_wconf 79' lang='lat' dir='ltr'>quic</span> 
     </span>
     <span class='ocr_line' id='line_1_32' title="bbox 156 3208 1177 3295; baseline 0.004 -23"><span class='ocrx_word' id='word_1_242' title='bbox 156 3230 254 3292; x_wconf 90' lang='lat' dir='ltr'>quam</span> <span class='ocrx_word' id='word_1_243' title='bbox 275 3208 408 3295; x_wconf 83' lang='lat' dir='ltr'>habere3</span> <span class='ocrx_word' id='word_1_244' title='bbox 431 3209 518 3293; x_wconf 87' lang='lat' dir='ltr'>quod</span> <span class='ocrx_word' id='word_1_245' title='bbox 541 3211 652 3275; x_wconf 92' lang='lat' dir='ltr'>videor</span> <span class='ocrx_word' id='word_1_246' title='bbox 675 3211 756 3275; x_wconf 92' lang='lat' dir='ltr'>mihi</span> <span class='ocrx_word' id='word_1_247' title='bbox 774 3212 973 3276; x_wconf 86' lang='lat' dir='ltr'>intellexisse</span> <span class='ocrx_word' id='word_1_248' title='bbox 992 3212 1055 3276; x_wconf 88' lang='lat' dir='ltr'>tibi</span> <span class='ocrx_word' id='word_1_249' title='bbox 1074 3212 1177 3277; x_wconf 91' lang='lat' dir='ltr'>videri</span> 
     </span>
     <span class='ocr_line' id='line_1_33' title="bbox 155 3296 1176 3384; baseline 0.005 -25"><span class='ocrx_word' id='word_1_250' title='bbox 155 3296 249 3361; x_wconf 89' lang='lat' dir='ltr'>idem.</span> <span class='ocrx_word' id='word_1_251' title='bbox 290 3297 463 3383; x_wconf 90' lang='lat' dir='ltr'>Publilius,</span> <span class='ocrx_word' id='word_1_252' title='bbox 486 3299 514 3360; x_wconf 94' lang='lat' dir='ltr'>si</span> <span class='ocrx_word' id='word_1_253' title='bbox 538 3299 778 3380; x_wconf 89' lang='lat' dir='ltr'>aequinoctium</span> <span class='ocrx_word' id='word_1_254' title='bbox 801 3303 975 3384; x_wconf 88' lang='lat' dir='ltr'>exspectat,</span> <span class='ocrx_word' id='word_1_255' title='bbox 999 3305 1036 3364; x_wconf 90' lang='lat' dir='ltr'>ut</span> <span class='ocrx_word' id='word_1_256' title='bbox 1060 3301 1176 3364; x_wconf 90' lang='lat' dir='ltr'>scribis</span> 
     </span>
     <span class='ocr_line' id='line_1_34' title="bbox 155 3382 1177 3469; baseline 0.005 -22"><span class='ocrx_word' id='word_1_257' title='bbox 155 3382 308 3448; x_wconf 83' lang='lat' dir='ltr'>Aledium</span> <span class='ocrx_word' id='word_1_258' title='bbox 331 3386 444 3468; x_wconf 86' lang='lat' dir='ltr'>dicere,</span> <span class='ocrx_word' id='word_1_259' title='bbox 473 3386 685 3469; x_wconf 85' lang='lat' dir='ltr'>navigaturus</span> <span class='ocrx_word' id='word_1_260' title='bbox 708 3386 842 3451; x_wconf 89' lang='lat' dir='ltr'>videtur.</span> <span class='ocrx_word' id='word_1_261' title='bbox 889 3387 972 3453; x_wconf 92' lang='lat' dir='ltr'>Mihi</span> <span class='ocrx_word' id='word_1_262' title='bbox 996 3392 1105 3452; x_wconf 88' lang='lat' dir='ltr'>autem</span> <span class='ocrx_word' id='word_1_263' title='bbox 1128 3389 1177 3452; x_wconf 89' lang='lat' dir='ltr'>di-</span> 
     </span>
     <span class='ocr_line' id='line_1_35' title="bbox 155 3471 1218 3562; baseline 0.007 -29"><span class='ocrx_word' id='word_1_264' title='bbox 155 3476 248 3534; x_wconf 84' lang='lat' dir='ltr'>xerat</span> <span class='ocrx_word' id='word_1_265' title='bbox 279 3494 337 3555; x_wconf 90' lang='lat' dir='ltr'>per</span> <span class='ocrx_word' id='word_1_266' title='bbox 371 3472 522 3538; x_wconf 84' lang='lat' dir='ltr'>Siciliam.</span> <span class='ocrx_word' id='word_1_267' title='bbox 572 3471 692 3537; x_wconf 88' lang='lat' dir='ltr'>Utrum</span> <span class='ocrx_word' id='word_1_268' title='bbox 725 3478 757 3537; x_wconf 89' lang='lat' dir='ltr'>et</span> <span class='ocrx_word' id='word_1_269' title='bbox 786 3475 928 3562; x_wconf 89' lang='lat' dir='ltr'>quando,</span> <span class='ocrx_word' id='word_1_270' title='bbox 959 3476 1057 3540; x_wconf 89' lang='lat' dir='ltr'>velim</span> <span class='ocrx_word' id='word_1_271' title='bbox 1085 3477 1176 3540; x_wconf 90' lang='lat' dir='ltr'>scire.</span> <span class='ocrx_word' id='word_1_272' title='bbox 1192 3501 1218 3541; x_wconf 77' lang='lat' dir='ltr'>ae</span> 
     </span>
    </p>
   </div>
   <div class='ocr_carea' id='block_1_6' title="bbox 0 0 1286 3880">
    <p class='ocr_par' dir='ltr' id='par_1_12' title="bbox 0 0 1286 3880">
     <span class='ocr_line' id='line_1_36' title="bbox 0 0 1286 3880; baseline 0 0"><span class='ocrx_word' id='word_1_273' title='bbox 0 0 1286 3880; x_wconf 95' lang='lat' dir='ltr'> </span> 
     </span>
    </p>
   </div>
  </div>
 </body>
</html>
