2560 3880
172 194 238 258 502
279 189 283 199 '
491 191 865 248 11111111111111111

173 337 298 420 reliqua
329 336 459 422 reliqui,
491 336 547 399 sed
578 357 660 418 opus
688 337 738 397 est
766 334 946 418 diligentia,
978 332 1183 396 coheredibus

173 447 232 508 pro
268 423 422 488 Cluuiano
454 423 525 487 Kal.
556 422 666 487 Sextil.
700 422 900 504 persolutum
932 425 970 484 ut
1003 421 1055 484 sit.
1107 419 1183 484 Cum

174 511 316 576 Publilio
344 534 407 595 quo
436 511 531 575 modo
557 511 715 595 agendum
739 509 791 594 sit,
813 509 945 573 videbis.
990 508 1070 574 Non
1092 508 1183 572 debet

160 622 298 685 urgere,
321 600 472 682 quoniam
495 599 564 662 iure
586 620 653 662 non
675 597 806 661 utimur.
844 597 907 661 Sed
929 602 1039 660 tamen
1063 597 1092 660 ei
1112 618 1183 679 quo-

175 710 237 770 que
266 689 345 752 satis
373 689 443 751 fieri
470 687 564 769 plane
592 687 674 750 volo.
721 685 889 748 Terentiae
915 707 990 748 vero
1021 685 1100 768 quid
1127 705 1213 769 egos

174 776 300 840 dicam?
332 776 443 840 Etiam
461 779 535 840 ante
554 775 647 859 diem,
671 774 699 837 si
717 777 817 857 potes.
855 771 948 858 Quin,
972 773 1008 854 si,
1027 777 1066 835 ut
1086 793 1183 855 spero,

174 864 319 928 celeriter
341 864 376 927 in
399 863 549 947 Epirum,
577 862 652 948 hoe,
679 861 765 944 quod
788 861 943 925 satisdato
968 861 1084 946 debeo,
1113 864 1183 942 peto

175 973 193 1014 a
220 956 254 1014 te
283 955 320 1014 ut
343 955 419 1015 ante
441 951 610 1034 provideas
635 950 792 1033 planeque
816 949 963 1032 expedias
987 953 1020 1012 11
1044 949 1184 1012 solutum

137 1040 344 1121 4relinquas.
392 1038 454 1104 Sed
476 1039 514 1102 de
537 1038 588 1102 his
613 1039 701 1122 satis,
727 1041 909 1122 metuoque,
930 1040 1028 1100 netu
1050 1036 1183 1100 nimium

198 1131 279 1189 utes.
472 1143 474 1148 ’
1192 1148 1213 1186 11

175 1149 196 1209 p
240 1212 335 1278 Nune
366 1213 604 1298 neglegentiam
633 1235 737 1276 meam
766 1232 930 1295 cognosce.
981 1210 1041 1275 ‘De
1073 1212 1183 1295 gloria'

174 1302 294 1365 librum
321 1302 362 1365 ad
388 1306 420 1365 te
448 1302 531 1365 misi.
577 1299 622 1364 At
650 1301 685 1363 in
712 1322 748 1363 eo
777 1299 1000 1382 prohoemium
1028 1299 1111 1364 idem
1138 1302 1183 1364 est

173 1389 261 1472 quod
287 1389 323 1452 in
353 1387 545 1454 Academico
577 1389 682 1452 tertio.
733 1387 770 1450 ld
804 1388 909 1454 evenit
943 1387 984 1451 ob
1013 1409 1085 1452 eam
1112 1410 1183 1471 rem,

173 1477 262 1560 quod
292 1477 395 1542 habeo
427 1479 579 1541 volumen
610 1476 878 1559 prohoemiorum.
924 1475 975 1538 1111
1004 1497 1041 1540 11
1070 1476 1184 1560 eligere

174 1566 273 1649 soleo,
295 1587 368 1628 cum
392 1565 522 1648 aliquod
544 1565 743 1648 σύγγραμμα
762 1563 899 1626 inst'tui.
936 1561 1135 1646 Itaqueiam
1152 1563 1214 1626 11111

173 1653 365 1738 Tusculano,
390 1654 446 1735 qui
468 1675 535 1716 non
556 1653 772 1715 meminissem
795 1673 846 1714 1111
868 1651 1004 1714 abusum
1028 1652 1094 1716 isto
1118 1673 1184 1734 pro

172 1740 317 1827 hoemio,
348 1741 468 1805 conieci
499 1741 533 1804 id
563 1741 599 1804 in
626 1761 699 1804 eum
726 1740 859 1822 librum,
892 1761 988 1822 quem
1014 1740 1078 1803 tibi
1105 1740 1184 1803 misi.

174 1827 256 1892 Oum
280 1833 388 1893 autem
406 1830 441 1892 in
458 1829 533 1892 navi
551 1829 691 1911 legerem
704 1825 919 1909 Academicos,
944 1828 1084 1911 adgnovi
1106 1851 1185 1892 erre·

174 1920 244 1980 tum
273 1939 388 1980 meum.
434 1915 548 2000 Itaque
577 1916 688 1979 statim
715 1937 835 1978 novum
863 1915 1090 1998 prohoemium
1118 1938 1185 1980 exa·
1263 1947 1264 1952 ¹

173 2006 243 2068 ravi
271 2010 303 2069 et
331 2006 392 2069 tibi
414 2005 496 2069 misi.
543 2004 592 2067 Tu
615 2003 696 2066 illud
719 2003 895 2088 desecabis,
921 2002 984 2067 hoc
1007 2003 1184 2089 adglutina-
1197 2027 1218 2066 11
1263 2009 1264 2088 j

174 2093 233 2156 bis.
279 2091 379 2156 Piliae
411 2093 548 2157 salutem
579 2091 664 2154 dices
698 2095 729 2154 et
760 2088 902 2174 Atticae,
935 2091 1057 2155 deliciis
1091 2096 1186 2174 atque
1263 2091 1264 2138 l

175 2181 338 2245 amoribus
362 2181 450 2245 meis.

643 2353 714 2418 VII.

191 2475 308 2543 Scripsit
325 2477 461 2546 navigans
480 2475 517 2530 ad
535 2475 734 2543 Pompeianam
752 2474 832 2528 XIV
847 2473 884 2528 K.
900 2473 970 2542 Sept.
987 2492 1013 2528 a.
1030 2477 1121 2542 710(
1149 2477 1174 2542 ).

477 2596 621 2674 QIOERO
638 2596 785 2651 ATTICO
803 2597 885 2651 SAL.
1200 2605 1218 2645 a
1263 2571 1264 2624 l

137 2724 153 2770 1
241 2721 304 2768 v111
327 2703 402 2767 Idus
427 2703 537 2769 Sextil.
556 2726 628 2768 oum
652 2704 886 2787 aLeueopetra
909 2703 1072 2786 profectus
1098 2702 1187 2788 (inde

175 2793 260 2855 enim
291 2791 525 2879 tramittebam)
559 2793 662 2857 stadia
694 2794 819 2856 circiter
852 2807 916 2856 ccc
948 2791 1188 2876 processissem,

173 2880 310 2943 reiectus
343 2901 414 2943 sum
446 2885 555 2944 austro
588 2881 769 2945 vehementi
800 2880 840 2944 ad
867 2879 1011 2943 eandem¹
1027 2878 1188 2963 Leucope

173 2972 266 3032 tram.
311 2966 362 3029 lbi
390 2987 462 3030 cum
490 2973 622 3032 ventum
650 2972 868 3051 exspectarem
891 2965 975 3052 (erat
999 2967 1085 3031 enim
1109 2968 1188 3030 villa

174 3055 284 3119 Valeri
310 3054 428 3140 nostri,
454 3059 491 3118 ut
518 3055 721 3120 familiariter
749 3077 852 3120 essem
880 3058 911 3118 11
933 3053 1102 3142 libenter),
1125 3055 1219 3119 Rea
1263 3067 1264 3110 i

172 3143 244 3226 gini
267 3142 396 3225 quidam
418 3142 560 3206 illustres
583 3143 729 3207 homines
753 3166 790 3208 eo
809 3148 964 3206 venerunt
982 3142 1087 3207 Roma
1106 3165 1188 3208 sane

173 3235 326 3313 recentes,
348 3230 384 3293 in
405 3230 445 3294 iis
469 3229 563 3294 Bruti
585 3233 689 3294 nostri
711 3232 840 3316 hospes,
863 3231 919 3313 qui
941 3231 1080 3295 Brutum
1104 3229 1187 3295 Nea-

175 3318 243 3399 poli
275 3318 468 3400 reliquisset.
512 3317 600 3383 Haeo
631 3319 831 3404 adferebant,
863 3318 1002 3383 edictum
1028 3319 1123 3382 Bruti
1156 3323 1188 3384 et

177 3402 282 3489 (lassi,
310 3410 341 3470 et
364 3406 433 3470 fore
454 3407 653 3490 frequentem
678 3411 824 3470 senatum
846 3406 1015 3492 Kalendis,
1041 3430 1060 3471 a
1082 3407 1187 3472 Bruto

178 3494 209 3554 et
233 3491 344 3558 Cassio
374 3494 500 3558 litteras
527 3495 642 3558 missas
674 3494 713 3556 ad
736 3495 919 3560 consulares
943 3499 976 3561 et
998 3496 1219 3579 praetermeat
