2560 3880
258 163 517 218 EPISTULARUM
535 163 585 216 AD
604 163 758 218 BRUTUM
776 163 789 216 I
809 169 850 232 15,
871 169 912 218 16.
1033 163 1099 227 543

545 393 632 460 XVI.

328 515 386 572 Ser.
400 517 516 571 Athenis
534 533 568 570 m.
583 515 649 570 Dec.
665 533 691 572 a.
708 520 763 571 710
782 519 850 584 (44).

367 637 511 692 BRUTUS
530 637 701 693 CICERONI
738 637 812 693 SAL.

150 746 345 811 Particulam
368 746 585 810 litterularum
608 749 746 829 tuarum,
770 767 849 830 quas
868 746 987 810 misisti
1005 745 1131 811 Oeta-1

54 836 147 921 avio,
169 835 234 920 legi
257 835 390 899 missam
413 835 453 898 ab
472 834 583 899 Attico
602 835 690 898 mihi.
729 834 879 899 Studium
897 839 990 899 tuum
1009 857 1097 900 oura-

82 945 146 1006 que
174 923 212 987 de
239 923 343 987 salute
372 945 443 986 mea
469 923 559 986 nulla
585 945 637 988 me
663 945 748 987 nova
776 923 944 1006 voluptate
972 924 1095 988 adfeeit.

18 1093 21 1098 Ι
81 1010 160 1075 Non
190 1011 294 1074 solum
318 1011 403 1075 enim
426 1011 596 1093 usitatum,
625 1011 681 1074 sed
704 1011 802 1075 etiam
824 1012 1023 1075 cotidianum
1047 1015 1096 1076 est

82 1099 207 1183 aliquid
234 1099 343 1163 audire
370 1098 409 1162 de
439 1103 485 1184 te,
514 1099 600 1182 quod
622 1121 681 1182 pro
704 1103 816 1163 nostra
840 1099 997 1184 dignitate
1020 1101 1095 1164 fide-

81 1187 158 1251 liter
185 1191 282 1270 atque
307 1186 483 1251 honorifice
510 1187 628 1251 dixeris
656 1191 712 1251 aut
740 1188 860 1252 feceris.
906 1187 952 1252 At
976 1189 1095 1273 dolore,

40 1304 67 1342 ιο
82 1279 241 1359 quantum
267 1276 443 1339 maximum
466 1297 577 1358 capere
601 1276 708 1340 animo
731 1297 879 1362 possum,
906 1276 1015 1340 eadem
1038 1277 1095 1340 illa

80 1385 158 1447 pars
186 1363 342 1446 epistulae
370 1363 490 1446 scripta
516 1364 556 1426 ad
583 1361 752 1427 Octavium
780 1363 818 1427 de
845 1364 941 1428 nobis
970 1364 1093 1428 adfecit.

82 1451 137 1517 Sie
164 1452 249 1516 enim
275 1451 325 1515 illi
354 1452 476 1535 gratias
499 1452 569 1535 agis
592 1451 631 1516 de
653 1473 687 1515 re
711 1451 852 1534 publiea,
882 1455 950 1516 tam
975 1451 1094 1534 suppli·

81 1540 163 1604 aiter
190 1561 226 1603 ao
253 1539 388 1603 demisse
413 1577 458 1586 -—
481 1538 559 1622 quid
582 1540 742 1603 scribam?
773 1539 873 1622 pudet
896 1539 1093 1604 condicionis

82 1649 120 1692 aa
149 1628 310 1712 fortunae,
343 1627 398 1691 sed
429 1632 539 1691 tamen
564 1628 767 1691 scribendum
796 1632 859 1692 est:
891 1628 1094 1692 commendas

41 1743 67 1784 15
80 1720 228 1781 nostram
256 1716 392 1779 salutem
418 1715 484 1799 illi,
517 1737 598 1799 quae
625 1720 730 1779 morte
758 1737 822 1798 qua
847 1737 914 1779 non
937 1716 1094 1799 pernicio-

81 1803 169 1868 sior?
205 1808 242 1867 ut
265 1825 397 1886 prorsus
420 1807 551 1886 praete
574 1804 658 1868 feras
680 1825 747 1867 non
770 1803 931 1868 sublatam
949 1803 1094 1868 domina-

81 1893 217 1977 tionem,
245 1892 300 1955 sed
330 1891 496 1956 dominum
524 1895 757 1955 commutatum
785 1913 862 1956 esse.
908 1891 1016 1956 Verba
1037 1896 1095 1956 tua

81 2001 275 2066 recognosce
302 1984 334 2043 et
362 1980 441 2044 aude
468 2000 586 2064 negare
616 1980 786 2043 servientia
810 1979 962 2044 adversus
985 2001 1094 2064 regem

81 2069 162 2133 istas
190 2089 260 2132 esse
281 2089 398 2151 praees.
444 2066 554 2132 Unum
577 2068 625 2131 ais
648 2089 725 2153 esse,
749 2068 836 2151 quod
859 2068 899 2132 ab
923 2089 960 2132 oo
983 2072 1094 2151 postu·

41 2159 167 2224 soletur
190 2160 222 2221 et
246 2160 456 2242 exspectetur,
477 2159 515 2219 ut
538 2177 593 2220 eos
617 2155 711 2240 cives,
735 2156 774 2219 de
793 2156 911 2240 quibus
930 2156 992 2219 viri
1015 2156 1094 2220 boni

80 2244 284 2329 populusque
319 2242 484 2308 Romanus
525 2244 606 2308 bene
646 2243 822 2328 existimet,
864 2245 969 2309 salvos
1006 2245 1093 2309 velit.

82 2333 176 2419 Quid,
207 2332 236 2396 si
265 2331 370 2396 nolit?
405 2353 472 2395 non
503 2332 644 2396 erimus?
680 2331 783 2415 Atqui
809 2353 875 2395 non
902 2353 970 2396 esse
997 2354 1094 2416 quam

82 2442 152 2485 esse
179 2441 237 2504 per
264 2420 356 2484 illum
383 2422 534 2504 praestat.
580 2419 652 2504 Ego
681 2420 803 2484 medius
834 2419 929 2484 fidius
952 2442 1019 2484 non
1042 2434 1128 2484 est-2

81 2509 192 2573 istimo
220 2511 287 2572 tam
315 2529 425 2572 omnes
453 2508 529 2572 deos
559 2529 689 2572 aversos
720 2529 789 2572 esse
813 2531 832 2572 a
855 2508 958 2573 salute
980 2509 1093 2592 populi

41 2624 66 2664 25
80 2597 230 2680 Romani,
251 2600 289 2660 ut
307 2594 459 2660 Octavius
481 2596 618 2660 orandus
640 2597 684 2660 sit
702 2618 761 2679 pro
780 2597 884 2660 salute
903 2596 1093 2681 cuiusquam

82 2685 175 2767 aivis,
210 2704 278 2748 non
314 2684 416 2748 dicam
447 2706 505 2766 pro
538 2684 767 2748 liberatoribus
800 2685 887 2749 orbis
919 2690 1092 2768 terrarum3
1158 2722 1163 2735 .

81 2775 172 2838 iuvat
201 2773 288 2837 enim
318 2772 487 2856 magnifiee
514 2773 619 2856 loqui,
651 2776 684 2836 et
712 2777 796 2836 certe
824 2773 913 2837 deeet
940 2773 1092 2837 adversus

81 2862 283 2946 ignorantes,
310 2861 388 2945 quid
410 2882 470 2944 pro
494 2881 622 2944 quoque
643 2860 822 2924 timendum
844 2865 901 2924 aut
923 2883 942 2925 a
965 2881 1093 2944 quoque

81 2949 255 3034 petendum
277 2950 328 3013 sit.
365 2948 436 3013 Hoc
458 2953 504 3033 tu,
529 2947 649 3034 Cicero,
670 2970 766 3032 posse
787 2949 899 3013 fateris
923 2948 1093 3013 Octavium

41 3066 68 3104 a>
82 3042 115 3102 et
143 3037 193 3101 illi
221 3038 342 3101 amicus
370 3038 426 3101 es?
458 3041 527 3119 aut,
556 3037 584 3100 si
606 3057 657 3100 me
681 3058 790 3101 aarum
812 3037 926 3121 habes,
955 3037 1005 3100 vis
1030 3034 1092 3099 Ro-

80 3147 153 3191 mae
175 3125 295 3207 videre,
322 3147 408 3208 eum,
436 3130 475 3188 ut
495 3125 543 3189 ibi
566 3147 635 3188 esse
658 3146 795 3210 possem,
818 3123 1089 3189 commendandus
1191 3119 1194 3128 ’

80 3236 181 3299 puero
204 3214 254 3276 illi
275 3213 416 3277 fuerim?
453 3211 514 3276 Oui
537 3212 615 3295 quid
637 3213 707 3297 agis
731 3213 866 3298 gratias,
896 3212 937 3294 si,
968 3213 1005 3274 ut
1027 3233 1089 3274 nos

81 3303 189 3366 salvos
222 3323 290 3364 esse
321 3301 399 3364 velit
431 3305 463 3364 et
493 3301 646 3386 patiatur,
676 3300 855 3386 rogandum
883 3298 1000 3382 putas?
1037 3297 1090 3362 An

79 3390 143 3454 hoo
164 3411 223 3473 pro
246 3389 399 3452 beneficio
422 3388 604 3452 habendum
627 3393 686 3472 est,
709 3387 796 3471 quod
819 3409 852 3451 se
874 3409 971 3469 quam
989 3385 1092 3450 Anto-

39 3505 65 3546 as
78 3479 172 3544 nium
195 3497 265 3541 esse
286 3477 449 3562 maluerit,
477 3499 496 3540 a
518 3498 582 3560 quo
605 3476 669 3540 ista
690 3475 827 3561 petenda
849 3475 978 3539 essent?
1014 3473 1093 3540 Vin-
