2560 3880
228 163 487 218 EPISTULARUM
505 164 555 217 An
574 163 737 219 ATTIOUM
754 165 819 220 XVI
838 166 967 221 16A-C
1036 166 1099 230 517

83 307 158 393 lege
186 311 218 371 et
245 311 375 371 senatus
404 307 554 372 consulto
578 309 771 391 permissum
795 311 876 392 erat,
902 251 1001 372 utde
1024 305 1101 372 an-

86 396 233 459 sarisao
234 395 277 459 tis
306 399 553 480 cognoscerent,
586 399 780 481 statuerent,
809 331 1000 481 iudicaurent,
1031 417 1101 460 eam

84 505 155 547 rem
181 486 219 548 tu
247 482 412 548 adiuvares
436 481 506 548 A
467 487 645 567 tticumque
676 488 838 568 nostrum,
866 484 957 548 cuius
979 447 1012 547 de
1035 487 1100 548 stu·

86 571 215 635 diosum
233 572 378 654 cognovi,
401 574 434 634 et
452 593 513 658 me,
533 572 589 655 qui
606 593 673 635 non
691 571 797 636 minus
815 571 937 655 laboro,
951 572 1100 635 molestia

56 658 248 725 aliberares.
295 656 453 723 Omnibus
487 659 572 722 enim
604 660 700 724 rebus
732 681 850 746 magna
877 681 966 744 cura,
997 660 1100 724 multa

87 766 185 831 opera
213 750 245 810 et
274 747 385 810 labore
415 747 549 811 confect’
524 751 568 812 trs
598 748 633 810 in
661 751 696 812 ta
724 749 868 849 positum
893 751 954 832 est,
982 751 1020 811 ut
1043 769 1100 812 no·

86 839 173 898 strae
200 833 428 898 sollicitudinis
455 832 566 898 finem
582 857 679 919 quam
705 834 847 919 primum
873 837 976 900 facere
998 836 1101 918 possi·
1143 909 1145 914 .

86 944 167 987 mus.
214 920 414 1005 Quamquam
442 923 661 1008 intellegimus
694 945 731 988 ea
765 927 798 988 te
826 945 894 988 esse
921 923 1100 1007 prudentia,

85 1013 124 1075 ut
150 1010 273 1094 videas,
300 1011 328 1074 si
356 1031 393 1074 ea
423 1010 549 1074 decreta
576 1011 758 1095 consulum,
788 1011 930 1095 quaeda
955 1009 1099 1076 Caesaris

42 1124 71 1163 ιο
86 1097 168 1162 actis
191 1097 384 1182 interposita
407 1102 494 1182 sunt,
515 1119 583 1162 non
605 1103 732 1163 servent
733 1120 782 1184 ur,
803 1119 954 1183 magnam
977 1103 1100 1183 pertur-

86 1185 251 1249 bationem
274 1207 381 1250 rerum
404 1148 494 1250 fore.y
517 1186 691 1273 Equidem,
713 1208 785 1251 cum
808 1187 921 1272 multa,
944 1187 1030 1270 quod
1046 1209 1100 1251 ne·

86 1295 174 1338 cesse
197 1274 298 1338 erat
288 1295 323 1337 m
345 1277 437 1337 tanta
460 1275 684 1359 occupatione,
709 1295 777 1338 non
798 1275 990 1359 probentur,
1019 1296 1100 1358 quae

87 1359 298 1426 Caeserstat
249 1361 397 1446 ttuerit,
427 1365 537 1426 tamen
564 1363 623 1426 otii
650 1362 802 1446 pacisque
830 1383 926 1426 causa
948 1363 1100 1427 acerrime

86 1449 144 1514 illa
167 1449 254 1513 soleo
279 1414 453 1514 defendere.
492 1449 585 1526 Quod
606 1449 668 1514 tibi
691 1450 777 1514 idem
799 1470 917 1534 magno
942 1471 1037 1532 opere
1055 1451 1100 1514 fa-

44 1563 71 1604 1⁵
87 1536 235 1602 ciendum
254 1558 381 1621 censeo,
406 1558 601 1621 quamquam
619 1538 697 1602 haec
716 1537 855 1621 epistula
872 1559 940 1602 non
958 1539 1099 1602 suasoris

87 1629 144 1709 est,
166 1625 222 1689 sed
243 1625 413 1710 rogatoris.
449 1624 565 1710 Igitur,
587 1627 632 1690 mi
654 1625 780 1711 Plance,
800 1646 881 1711 rogo
900 1629 934 1690 te
951 1630 985 1690 et
1003 1627 1100 1690 etiam

86 1719 177 1796 atque
206 1715 300 1778 mom
328 1735 386 1777 oro
415 1713 461 1777 sic
487 1713 612 1777 medius
640 1714 750 1799 fidius,
778 1717 815 1777 ut
841 1715 963 1777 maiore
991 1713 1099 1778 studio

85 1801 253 1886 magisque
280 1823 319 1864 ex
350 1801 458 1865 animo
481 1822 575 1886 agere
597 1822 664 1865 non
686 1801 823 1886 possim,
849 1804 887 1864 ut
909 1805 1016 1866 totum
1037 1801 1100 1866 hoc

85 1889 254 1975 negotium
275 1890 323 1953 ita
346 1909 437 1974 agas,
463 1889 510 1953 ita
532 1893 665 1974 tractes,
694 1889 741 1952 ita
764 1889 922 1974 conficias,
944 1893 990 1972 ut,
1014 1889 1100 1973 quod

44 2003 71 2042 ιο
86 1978 155 2042 sine
183 1977 250 2041 ulla
280 1976 482 2041 dubitatione
505 1977 589 2061 apud
612 1977 758 2041 consules
782 1977 981 2041 obtinuimus
1004 1999 1099 2061 prop-

86 2069 137 2130 ter
164 2087 323 2128 summam
351 2065 531 2129 bonitatem
559 2059 599 2128 et
618 2065 814 2148 aequitatem
841 2086 968 2150 causae,
1000 2064 1035 2129 id
1061 2069 1099 2130 tu

85 2175 147 2218 nos
180 2153 359 2217 obtinuisse
388 2174 456 2216 non
487 2153 583 2217 modo
614 2153 708 2217 facile
740 2153 876 2237 patiare,
913 2152 969 2216 sed
1000 2153 1098 2216 etiam

86 2240 233 2326 gaudeas.
280 2239 350 2315 Qua
373 2241 502 2324 quidem
520 2242 688 2305 voluntate
711 2246 739 2305 te
762 2263 830 2305 esse
855 2261 931 2324 erga
953 2239 1099 2304 Atticum

87 2351 181 2413 saepe
209 2349 360 2413 praesens
391 2332 424 2392 et
453 2328 503 2392 illi
531 2329 703 2394 ostendisti
730 2332 763 2393 et
789 2350 865 2393 vero
889 2329 987 2392 etiam
1009 2329 1098 2394 mihi.

43 2441 70 2482 rs
87 2416 179 2494 Quod
207 2417 235 2480 si
262 2416 388 2499 feceris,
414 2437 480 2500 me,
508 2437 603 2499 quem
631 2417 798 2481 voluntate
826 2421 858 2480 et
885 2420 1020 2500 paterna
1047 2439 1099 2480 ne·

84 2504 278 2569 cessitudine
300 2505 508 2568 coniunctum
527 2526 652 2588 semper
670 2504 823 2588 habuisti,
845 2505 987 2568 maximo
1004 2504 1099 2569 bene

83 2593 158 2657 ficio
169 2593 360 2656 ,devinctum
377 2592 525 2670 habebis,
547 2593 643 2676 idque
661 2597 699 2657 ut
717 2592 825 2679 facias,
842 2596 876 2656 te
893 2592 1099 2658 vehementer

83 2681 183 2745 etiam
206 2683 303 2764 atque
325 2680 423 2744 etiam
446 2700 536 2764 rogo.
1052 2719 1055 2724 -

573 2852 606 2920 Ο.

329 2975 387 3032 Ser.
401 2975 491 3032 eodem
509 2981 625 3044 tempore
643 2991 695 3045 quo
713 2975 850 3046 ep.16B.

340 3098 469 3154 monuo
488 3097 660 3154 crrrrour
679 3098 747 3154 suo
767 3079 841 3154 alu

149 3206 337 3290 Numquam
364 3207 477 3291 putavi
504 3207 574 3271 fore
602 3211 639 3270 ut
663 3207 798 3290 supplex
822 3206 861 3270 ad
884 3211 918 3270 te
940 3205 1150 3291 venirem310

82 3295 139 3361 sed
165 3295 296 3360 hercule
318 3296 413 3359 facile
435 3295 543 3380 patior
567 3295 677 3358 datum
700 3298 842 3378 tempus,
869 3293 904 3356 in
927 3315 991 3376 quo
1011 3315 1096 3358 arno·

81 3406 151 3449 rem
184 3383 346 3467 experirer
378 3387 480 3447 tuum.
534 3381 683 3447 Atticum
715 3382 829 3466 quanti
860 3382 990 3466 faciam,
1024 3381 1094 3446 scis.

37 3499 66 3540 as
81 3471 210 3538 Amabo
228 3475 272 3556 te,
295 3471 335 3536 da
352 3471 434 3535 mihi
452 3474 484 3534 et
502 3469 573 3556 hoo,
592 3470 781 3534 obliviscere
799 3490 870 3532 mea
889 3490 985 3533 causa
1002 3469 1097 3534 illum
