2484 3886
167 142 305 198 CXXXVI
486 143 697 198 ADNOTATIO
717 142 860 198 CRITICA

167 283 271 338 certius
289 284 397 352 scirem,
415 283 485 351 quid
502 283 545 338 rei
563 287 645 339 esset.
679 285 689 350 ΙΙ
720 284 756 339 Ρ.
771 282 840 338 438.
855 290 873 336 4
890 283 941 337 ΙΧ
957 283 1047 336 Ruete
1065 281 1175 334 dissert.

167 353 308 422 Marburg.
329 359 397 408 1883
415 372 442 477 Y.
458 360 500 408 21.
512 359 558 422 18,
582 353 700 408 Schiche
725 353 913 408 ‘Festschrift’
932 359 1000 407 1883
1022 371 1050 421 p.
1065 357 1116 404 233
1131 356 1140 420 (
1156 354 1172 421 ),

167 423 199 478 0.
209 423 239 479 Ε.
255 423 382 478 Schmidt
395 425 417 477 Ρ
429 423 531 478 eckeis.
542 424 635 478 annal.
648 429 717 477 1884
748 430 825 492 .339,
844 424 924 489 Boot,
939 422 1048 492 Tyrrell
1063 438 1104 491 ep.
1117 428 1170 486 734,

167 494 199 547 X
216 495 308 562 codd,
327 495 402 564 vulg.
425 526 460 534 —
483 495 522 550 Ih.
542 495 581 548 H.
600 495 632 548 X
648 442 803 548 Buecheler
820 511 890 549 mus.
910 494 998 547 Bhen.
1017 493 1056 546 XI
1073 511 1099 562 p.
1116 497 1170 570 531,

166 564 250 631 Boot,
273 565 394 633 Tyrrell,
417 565 486 618 IIX
506 564 599 632 codd,
624 566 693 619 hora
714 565 795 618 VIII
812 564 887 634 vulg.
910 595 945 604 -
970 571 985 617 ‘1
1009 564 1045 616 ab
1063 580 1092 617 eo
1111 561 1169 615 aad.

166 634 367 705 Wesenbergio
394 638 520 703 auctore,
543 633 592 701 qui
609 641 666 688 v.6
690 651 741 688 scr.
765 637 881 706 misem,
908 635 969 688 sine
992 649 1073 687 cruce
1095 633 1171 696 Boot,

166 721 235 773 qaue
261 705 375 772 Bosius,
401 705 510 772 Baiter,
538 705 654 773 Tyrrell.
682 737 717 744 —
744 705 784 758 1b.
808 705 958 773 Rescripsi
981 707 1011 757 et
1031 709 1088 757 ν.9
1110 701 1171 753 edd.

166 776 260 829 datam
277 778 342 844 post
360 776 393 829 X
407 775 548 840 Wesenb.,
567 776 639 828 Boot
656 774 772 844 probab.
791 777 949 842 utrumque.
963 805 998 814 -
1014 779 1047 827 10
1066 772 1171 840 551115-

165 846 269 900 niwem
287 845 382 912 Orelli,
396 846 500 912 Baiter,
514 845 645 899 Wesenb.
664 845 721 914 (hic
740 848 807 898 ante
825 846 909 899 laudo
927 845 1046 897 lacunae
1065 844 1172 910 signum

164 916 278 984 posuit),
297 915 414 984 Tyrrell,
434 917 581 986 loapIorem
594 915 685 982 Klotz,
703 916 748 970 De
767 917 869 985 lepione
886 916 928 969 M.
943 915 1076 984 (Martia)
1090 913 1172 965 laudo

166 985 236 1040 coni.
255 986 334 1039 Boot.
349 1017 384 1027 -
400 991 432 1038 13
447 987 532 1055 qaod
549 987 657 1055 quidem
671 985 722 1053 Μ’,
735 985 810 1054 vulg.
827 985 889 1040 edd.
903 987 1017 1054 praeter
1030 982 1172 1062 Rodium,

165 1057 211 1109 cui
232 1057 340 1123 quidem
362 1056 433 1110 idem
451 1057 560 1125 placere
581 1057 679 1110 credo?
703 1088 738 1095 —
763 1061 795 1109 11
806 1073 866 1123 sqq.
892 1057 964 1110 rides
982 1086 1018 1096 -
1033 1053 1126 1123 perfici
1143 1070 1172 1105 rn

163 1125 293 1194 parenth.
306 1125 436 1180 Wesenb.
464 1126 508 1178 Ad
525 1145 552 1194 p.
569 1132 609 1180 16.
626 1132 667 1180 14.
692 1158 726 1166 -
751 1131 783 1179 18
798 1143 849 1194 ape
867 1127 991 1180 55555155
1008 1125 1048 1194 Μ,
1062 1123 1173 1176 abscon-
1221 1126 1222 1214 l

165 1195 240 1248 doleo
254 1195 283 1263 Z,
300 1197 373 1266 †abs
385 1197 511 1251 condoleo
524 1196 664 1263 Wesenb.,
683 1203 726 1251 aet
738 1197 865 1251 coredoleo
879 1196 983 1263 Baiter,
998 1203 1029 1250 at
1038 1210 1085 1262 epo
1099 1193 1173 1247 doleo
1221 1219 1222 1224 .

164 1264 300 1332 Lambin,
319 1265 399 1333 Boot,
417 1266 534 1334 Tyrrell,
552 1268 626 1321 rides
641 1264 761 1322 Ἀττικόν
779 1285 803 1320 ν.
818 1266 932 1321 ἀστικόν
937 1288 948 1334 ,·
971 1267 1044 1320 doleo
1057 1263 1174 1332 Madvig
1222 1284 1223 1334 1

165 1334 234 1388 Adv.
249 1335 287 1387 HI
299 1354 327 1405 p.
345 1341 403 1390 190.
423 1369 457 1376 -
476 1343 509 1390 26
529 1338 561 1391 de
579 1344 604 1391 te
621 1337 736 1406 Popma,
754 1337 827 1390 Boot
845 1338 888 1406 (de
905 1343 930 1391 te
947 1337 1024 1391 celere
1042 1336 1084 1388 vis
1102 1334 1172 1387 coni.
1222 1337 1223 1354 ²

164 1404 241 1458 idem
259 1405 371 1460 Observ.
386 1425 413 1476 p.
430 1410 482 1476 61),
501 1406 619 1475 Tyrrell,
637 1407 832 1478 †peteBaiter
849 1409 925 1476 (pet
942 1407 961 1460 d
980 1404 1091 1473 saepius
1110 1420 1173 1458 con-
1223 1444 1224 1478 ,

164 1474 242 1542 fusa3
267 1477 304 1529 ad
321 1495 348 1545 p.
364 1483 388 1530 3.
399 1479 452 1546 23),
472 1483 534 1546 peto
553 1476 675 1544 Corrad,
690 1495 740 1546 pcr
757 1485 782 1532 te
795 1477 909 1546 Bosius,
925 1478 1009 1531 hercle
1027 1475 1122 1541 Klotz,
1142 1476 1175 1528 de
1223 1499 1224 1504 ¹

164 1551 189 1600 te
206 1547 248 1600 eie
265 1547 386 1616 Kayser,
406 1548 478 1616 petis
496 1545 564 1601 Ο.Ε.
585 1547 712 1601 Schmidt
729 1566 799 1601 mus.
818 1548 906 1601 Rhen.
928 1553 994 1601 1880
1011 1564 1039 1614 p.
1055 1550 1115 1598 315.
1140 1577 1173 1584 -

165 1620 199 1668 27
217 1619 316 1699 'reperi
338 1621 403 1700 post
425 1619 515 1672 Bruto
539 1618 603 1671 add.
618 1618 735 1687 Brutus,
758 1618 867 1685 Baiter,
892 1625 1015 1687 ropaosm
1033 1615 1174 1681 Wesenb.,
1224 1603 1225 1634 ¹

166 1687 236 1740 ‘Aut
253 1688 399 1741 mtercrdit
417 1688 532 1755 aliquod
544 1687 735 1756 participium,
753 1688 830 1742 velut
842 1705 873 1743 ro
892 1695 973 1754 mum,
989 1688 1039 1739 aut
1053 1685 1173 1738 scriben-

165 1757 233 1810 dum
251 1775 314 1811 cum
333 1757 463 1812 Graevio:
494 1759 572 1828 Quod
590 1759 623 1812 de
641 1759 731 1812 Bruto
748 1760 854 1813 scribis'
873 1706 952 1812 Boot
984 1755 1174 1825 11111ρεί555-
1225 1769 1226 1788 ¹

164 1827 257 1882 fendit
274 1828 418 1882 Lehmann
437 1827 557 1892 Quaestt
573 1846 600 1897 p.
617 1833 632 1880 7
648 1831 677 1882 et
695 1828 813 1897 Tyrrell,
827 1827 876 1896 qui
891 1829 1033 1896 comparat
1047 1845 1075 1895 p.
1088 1830 1174 1879 3558

164 1914 220 1951 non
233 1898 317 1951 nimis
331 1899 431 1964 simile,
446 1902 479 1951 ut
491 1899 562 1951 mihi
575 1898 693 1952 videtur.
703 1931 738 1938 —
752 1899 839 1967 Ihsq.
853 1900 885 1953 ia
897 1898 1082 1953 Tusculanum
1096 1913 1176 1951 sesan
1226 1922 1227 1934 ¹

163 1975 308 2032 venturus
317 1968 336 2020 Z
346 1971 388 2037 (1),
406 1971 473 2022 vett.
493 1969 567 2035 edd,
580 1968 722 2037 Wesenb.,
738 1970 818 2037 Boot,
832 2000 866 2008 -
879 1970 991 2036 ferterus
1004 1967 1042 2033 Μ,
1057 1966 1175 2035 Tyrrell,

163 2039 196 2090 e'a
222 2039 380 2092 Tusculano
407 2055 488 2093 essem
514 2041 627 2106 futuras
648 2039 752 2093 Baiter.
776 2071 811 2080 -
835 2045 868 2092 33
892 2039 957 2093 mihi
978 2044 1045 2092 swnt
1067 2038 1176 2092 declusa

163 2108 289 2162 medullis
310 2110 456 2175 tamquam
482 2124 499 2160 a
521 2112 606 2178 poeta
630 2110 725 2176 aliquo
749 2111 862 2179 sumpta
884 2125 934 2161 scr.
957 2107 1081 2176 'ihr-rell,
1107 2124 1177 2176 quoe

164 2178 232 2230 mihi
248 2184 314 2232 suaet
330 2180 394 2232 lmis
411 2180 501 2246 infixa
518 2180 644 2234 medullis
661 2180 753 2234 Moser
770 2196 862 2249 progr.
882 2177 945 2232 Uim
964 2183 1034 2230 1848
1052 2195 1079 2246 p.
1095 2183 1119 2231 5.
1167 2178 1176 2245 ll

199 2247 235 2301 P.
250 2245 351 2302 43313
375 2249 492 2316 aliquid
518 2251 551 2302 ut
568 2268 596 2318 p.
611 2255 671 2303 490.
687 2256 721 2302 90
746 2252 862 2303 recentt.
886 2249 947 2302 edd.
971 2246 1175 2316 Wesenbergio

165 2319 287 2384 auctore,
301 2336 328 2386 p.
342 2323 400 2371 509.
417 2325 450 2371 31
465 2317 675 2387 ‘Hpauleldesov
694 2321 827 2374 Varronis
840 2321 978 2372 intactum
991 2317 1174 2385 reliquerunt

163 2385 209 2438 Ad
221 2406 248 2456 p.
265 2393 360 2454 1094,
384 2393 474 2442 2517.
500 2419 534 2430 -
558 2395 716 2444 emanant
734 2390 776 2457 M,
804 2388 948 2456 Wesenb.,
971 2387 1095 2456 Tyrrell,
1118 2405 1175 2442 ma·

162 2464 229 2511 neat
247 2457 309 2524 alii,
328 2457 453 2525 Ernesti,
472 2459 580 2526 Baiter,
604 2460 677 2514 Boot
698 2477 754 2514 non
776 2459 876 2514 melius
896 2458 1003 2512 dehoc
1021 2458 1083 2512 loco
1102 2457 1175 2511 iudi-

164 2542 230 2580 cans
256 2543 341 2594 quam
365 2527 399 2580 de
424 2528 489 2582 fam.
505 2529 556 2581 XII
570 2535 594 2583 1.
610 2537 634 2584 1.
658 2562 694 2570 -
717 2536 922 2584 10—1aot—
940 2529 1060 2583 honam
1078 2528 1110 2581 in
1128 2545 1175 2597 pe

163 2596 253 2650 renth.
273 2597 377 2664 Baiter,
395 2598 535 2666 Wesenb.,
555 2600 635 2654 Boot.
672 2600 716 2653 Ad
733 2619 760 2669 p.
778 2605 871 2654 16.14.
908 2598 1056 2652 Assentior
1076 2599 1175 2652 Bootis

165 2667 313 2721 ‘excidisse
340 2675 450 2736 sectam,
478 2672 649 2735 sententiam,
673 2670 717 2724 vel
740 2670 856 2738 aliquod
879 2669 938 2722 eius
961 2669 1039 2722 modi
1062 2669 1174 2722 nomen'

164 2738 297 2791 censenti.
309 2744 432 2806 -16sq.
447 2741 652 2794 rubeo-nolui
660 2741 691 2793 in
699 2741 827 2809 parenth.
837 2738 968 2793 Wesenb.
988 2739 1033 2792 Ad
1042 2757 1070 2807 p.
1083 2745 1174 2792 16.14.

163 2838 198 2847 -
222 2813 255 2860 39
278 2809 371 2863 dedita
393 2825 495 2876 opera
517 2809 605 2878 vulg,
628 2814 744 2864 recentt.
769 2811 831 2864 edd.
856 2811 938 2878 (Boot
957 2808 1073 2862 Advers.
1089 2827 1117 2878 p.
1134 2812 1176 2874 61)

163 2880 276 2946 praeter
293 2878 469 2947 Tyrrellium.
506 2879 538 2933 V.
557 2879 632 2932 Kalb
652 2880 775 2934 ‘Archiv'
791 2880 843 2950 Ip.
859 2885 906 2947 83,
925 2879 1061 2933 Fleckeis.
1083 2878 1175 2932 annal.

164 2952 233 3000 1893
251 2953 348 3016 p.‘180.
373 2980 408 2988 —
431 2954 465 3002 93
476 2966 535 3016 sqq.
559 2949 719 3018 Epistulam
741 2950 803 3004 IVb
826 2950 895 3004 fecit
920 2950 993 3004 Boot
1017 2949 1176 3019 Mongaltio

164 3019 286 3083 auctore,
309 3018 400 3072 Buete
419 3018 528 3072 dissert.
548 3019 662 3074 Marbur
684 3064 689 3074 .
711 3027 778 3075 1883
797 3039 823 3090 p.
839 3026 872 3073 21
884 3037 933 3087 sq,
956 3018 1027 3073 OB.
1048 3019 1177 3074 Schmidt

163 3086 298 3141 Fleckeis.
320 3105 382 3142 ann.
404 3093 474 3142 1884
487 3108 514 3158 p.
526 3094 577 3142 339
588 3107 638 3158 sq,
676 3091 761 3159 yrrell
776 3095 890 3160 ep.135,
904 3090 979 3160 vulg.
994 3090 1177 3143 continuatur

163 3173 206 3226 ep.
221 3157 265 3211 IV.
292 3189 325 3198 -
354 3163 388 3211 39
407 3165 578 3214 transverso
601 3163 683 3228 vett,
706 3162 791 3226 Boot,
809 3160 925 3229 Tyrrell.
967 3163 976 3229 ΙΙ
1026 3161 1061 3214 P.
1076 3158 1175 3214 leuc

162 3245 189 3280 r.
207 3227 335 3282 Schmidt
356 3228 399 3282 l.l.
444 3235 530 3296 .350,
554 3234 600 3285 27.
619 3232 684 3285 oder
700 3236 747 3286 28.
768 3232 834 3284 Mai
855 3231 947 3284 Ruete
970 3229 1082 3284 dissert.
1103 3231 1175 3284 Mar·

162 3295 242 3368 burg.
255 3303 324 3353 1883
342 3316 369 3366 p.
380 3303 406 3366 8,
448 3301 535 3368 yrrell
553 3317 595 3370 ep.
608 3306 668 3366 137,
687 3303 719 3355 tn
732 3301 844 3356 Aetnaei
862 3307 974 3356 exemto
991 3317 1080 3354 mense
1095 3301 1176 3354 Maio

163 3368 272 3435 Baiter,
297 3371 340 3435 (ie
358 3369 502 3436 5111015119)
526 3387 567 3425 ex.
587 3372 630 3424 M.
650 3371 731 3425 Maio
750 3371 880 3425 Wesenb.
905 3402 940 3412 -
961 3377 979 3423 4
997 3388 1016 3424 c
1034 3369 1175 3436 Wesenb.,

163 3437 285 3507 Tyrrell,
311 3438 403 3492 ‘Prius
429 3446 454 3496 et
477 3439 640 3507 delendum,
664 3440 708 3493 vel
732 3447 757 3496 et
775 3459 794 3496 a
813 3441 907 3497 Gasse'o
926 3440 1107 3495 scribendum
1126 3443 1175 3507 est,
