<?xml version="1.0" encoding="UTF-8"?>
<!DOCTYPE html PUBLIC "-//W3C//DTD XHTML 1.0 Transitional//EN"
    "http://www.w3.org/TR/xhtml1/DTD/xhtml1-transitional.dtd">
<html xmlns="http://www.w3.org/1999/xhtml" xml:lang="en" lang="en">
 <head>
  <title>
</title>
<meta http-equiv="Content-Type" content="text/html;charset=utf-8" />
  <meta name='ocr-system' content='tesseract 3.04.00' />
  <meta name='ocr-capabilities' content='ocr_page ocr_carea ocr_par ocr_line ocrx_word'/>
</head>
<body>
  <div class='ocr_page' id='page_1' title='image "./scriptaquaemans00mullgoog_0404.png"; bbox 0 0 2616 3884; ppageno 0'>
   <div class='ocr_carea' id='block_1_1' title="bbox 264 145 1141 212">
    <p class='ocr_par' dir='ltr' id='par_1_1' title="bbox 264 145 1141 212">
     <span class='ocr_line' id='line_1_1' title="bbox 264 145 1141 212; baseline 0.014 -13"><span class='ocrx_word' id='word_1_1' title='bbox 264 145 522 200; x_wconf 77' lang='lat' dir='ltr'><strong>EPISTULARUM</strong></span> <span class='ocrx_word' id='word_1_2' title='bbox 541 147 591 202; x_wconf 86' lang='lat' dir='ltr'>AD</span> <span class='ocrx_word' id='word_1_3' title='bbox 609 147 773 202; x_wconf 81' lang='lat' dir='ltr'>ATTICUM</span> <span class='ocrx_word' id='word_1_4' title='bbox 789 147 855 201; x_wconf 89' lang='lat' dir='ltr'><strong>VIII</strong></span> <span class='ocrx_word' id='word_1_5' title='bbox 874 148 1000 202; x_wconf 79' lang='lat' dir='ltr'>llB-D.</span> <span class='ocrx_word' id='word_1_6' title='bbox 1074 147 1141 212; x_wconf 79' lang='grc'>239</span> 
     </span>
    </p>
   </div>
   <div class='ocr_carea' id='block_1_2' title="bbox 123 290 1143 533">
    <p class='ocr_par' dir='ltr' id='par_1_2' title="bbox 123 290 1143 533">
     <span class='ocr_line' id='line_1_2' title="bbox 123 290 1141 374; baseline 0.001 -20"><span class='ocrx_word' id='word_1_7' title='bbox 123 312 181 356; x_wconf 90' lang='lat' dir='ltr'>nos</span> <span class='ocrx_word' id='word_1_8' title='bbox 205 290 364 374; x_wconf 85' lang='lat' dir='ltr'>conferas,</span> <span class='ocrx_word' id='word_1_9' title='bbox 387 293 424 355; x_wconf 91' lang='lat' dir='ltr'>ut</span> <span class='ocrx_word' id='word_1_10' title='bbox 447 291 610 356; x_wconf 92' lang='lat' dir='ltr'>communi</span> <span class='ocrx_word' id='word_1_11' title='bbox 633 291 768 356; x_wconf 90' lang='lat' dir='ltr'>consilio</span> <span class='ocrx_word' id='word_1_12' title='bbox 792 291 839 356; x_wconf 90' lang='lat' dir='ltr'>rei</span> <span class='ocrx_word' id='word_1_13' title='bbox 862 291 1012 374; x_wconf 87' lang='lat' dir='ltr'>publicae</span> <span class='ocrx_word' id='word_1_14' title='bbox 1035 291 1141 356; x_wconf 84' lang='lat' dir='ltr'>adflic-</span> 
     </span>
     <span class='ocr_line' id='line_1_3' title="bbox 124 378 1143 466; baseline 0.001 -24"><span class='ocrx_word' id='word_1_15' title='bbox 124 384 174 443; x_wconf 88' lang='lat' dir='ltr'>tae</span> <span class='ocrx_word' id='word_1_16' title='bbox 198 401 293 462; x_wconf 86' lang='lat' dir='ltr'>opem</span> <span class='ocrx_word' id='word_1_17' title='bbox 316 383 412 462; x_wconf 88' lang='lat' dir='ltr'>atque</span> <span class='ocrx_word' id='word_1_18' title='bbox 435 379 592 443; x_wconf 85' lang='lat' dir='ltr'>auxilium</span> <span class='ocrx_word' id='word_1_19' title='bbox 614 380 762 444; x_wconf 86' lang='lat' dir='ltr'>feramus.</span> <span class='ocrx_word' id='word_1_20' title='bbox 810 378 940 466; x_wconf 86' lang='lat' dir='ltr'>Censeo,</span> <span class='ocrx_word' id='word_1_21' title='bbox 961 381 1015 444; x_wconf 85' lang='lat' dir='ltr'>via</span> <span class='ocrx_word' id='word_1_22' title='bbox 1032 378 1143 464; x_wconf 87' lang='lat' dir='ltr'>Appia</span> 
     </span>
     <span class='ocr_line' id='line_1_4' title="bbox 124 466 904 533; baseline 0.001 -2"><span class='ocrx_word' id='word_1_23' title='bbox 124 469 184 532; x_wconf 87' lang='lat' dir='ltr'>iter</span> <span class='ocrx_word' id='word_1_24' title='bbox 206 467 306 531; x_wconf 89' lang='lat' dir='ltr'>facias</span> <span class='ocrx_word' id='word_1_25' title='bbox 331 471 363 531; x_wconf 88' lang='lat' dir='ltr'>et</span> <span class='ocrx_word' id='word_1_26' title='bbox 386 466 531 531; x_wconf 86' lang='lat' dir='ltr'>celeriter</span> <span class='ocrx_word' id='word_1_27' title='bbox 554 467 764 533; x_wconf 80' lang='lat' dir='ltr'><strong>Brundisium</strong></span> <span class='ocrx_word' id='word_1_28' title='bbox 785 469 904 532; x_wconf 85' lang='lat' dir='ltr'>venias.</span> 
     </span>
    </p>
   </div>
   <div class='ocr_carea' id='block_1_3' title="bbox 2 643 955 834">
    <p class='ocr_par' dir='ltr' id='par_1_3' title="bbox 2 643 955 834">
     <span class='ocr_line' id='line_1_5' title="bbox 616 643 654 708; baseline 0.026 -1"><span class='ocrx_word' id='word_1_29' title='bbox 616 643 654 708; x_wconf 92' lang='lat' dir='ltr'>D.</span> 
     </span>
     <span class='ocr_line' id='line_1_6' title="bbox 2 724 955 834; baseline 0.005 -19"><span class='ocrx_word' id='word_1_30' title='bbox 2 724 5 736; x_wconf 71' lang='grc'><strong>’</strong></span> <span class='ocrx_word' id='word_1_31' title='bbox 101 775 112 815; x_wconf 71' lang='grc' dir='ltr'>ι</span> <span class='ocrx_word' id='word_1_32' title='bbox 308 764 365 819; x_wconf 72' lang='lat' dir='ltr'>aar.</span> <span class='ocrx_word' id='word_1_33' title='bbox 384 764 508 819; x_wconf 72' lang='lat' dir='ltr'>samaa</span> <span class='ocrx_word' id='word_1_34' title='bbox 526 765 583 819; x_wconf 87' lang='grc' dir='ltr'>ιιι</span> <span class='ocrx_word' id='word_1_35' title='bbox 598 765 635 820; x_wconf 77' lang='grc' dir='ltr'>ιι.</span> <span class='ocrx_word' id='word_1_36' title='bbox 656 766 744 820; x_wconf 75' lang='lat' dir='ltr'>naa.</span> <span class='ocrx_word' id='word_1_37' title='bbox 765 783 790 820; x_wconf 79' lang='lat' dir='ltr'>a.</span> <span class='ocrx_word' id='word_1_38' title='bbox 811 769 866 820; x_wconf 87' lang='lat'>705</span> <span class='ocrx_word' id='word_1_39' title='bbox 886 769 955 834; x_wconf 75' lang='lat'><em>(49).</em></span> 
     </span>
    </p>
   </div>
   <div class='ocr_carea' id='block_1_4' title="bbox 244 887 1020 944">
    <p class='ocr_par' dir='ltr' id='par_1_4' title="bbox 244 887 1020 944">
     <span class='ocr_line' id='line_1_7' title="bbox 244 887 1020 944; baseline 0.003 -2"><span class='ocrx_word' id='word_1_40' title='bbox 244 887 283 942; x_wconf 81' lang='lat' dir='ltr'>M.</span> <span class='ocrx_word' id='word_1_41' title='bbox 303 887 430 943; x_wconf 79' lang='lat' dir='ltr'><strong>CICERO</strong></span> <span class='ocrx_word' id='word_1_42' title='bbox 452 888 526 943; x_wconf 90' lang='lat' dir='ltr'>IMP.</span> <span class='ocrx_word' id='word_1_43' title='bbox 546 888 573 943; x_wconf 89' lang='lat' dir='ltr'>S.</span> <span class='ocrx_word' id='word_1_44' title='bbox 592 889 626 944; x_wconf 86' lang='lat' dir='ltr'>D.</span> <span class='ocrx_word' id='word_1_45' title='bbox 646 888 701 944; x_wconf 88' lang='lat' dir='ltr'>CN.</span> <span class='ocrx_word' id='word_1_46' title='bbox 721 888 854 944; x_wconf 80' lang='lat' dir='ltr'><strong>MAGNO</strong></span> <span class='ocrx_word' id='word_1_47' title='bbox 872 887 1020 944; x_wconf 77' lang='lat' dir='ltr'>Paucos</span> 
     </span>
    </p>
   </div>
   <div class='ocr_carea' id='block_1_5' title="bbox 4 994 1178 3550">
    <p class='ocr_par' dir='ltr' id='par_1_5' title="bbox 125 994 1175 1258">
     <span class='ocr_line' id='line_1_8' title="bbox 191 994 1175 1080; baseline -0.003 -19"><span class='ocrx_word' id='word_1_48' title='bbox 191 994 275 1062; x_wconf 92' lang='lat' dir='ltr'>Cum</span> <span class='ocrx_word' id='word_1_49' title='bbox 298 996 338 1061; x_wconf 89' lang='lat' dir='ltr'>ad</span> <span class='ocrx_word' id='word_1_50' title='bbox 360 1000 393 1060; x_wconf 90' lang='lat' dir='ltr'>te</span> <span class='ocrx_word' id='word_1_51' title='bbox 414 996 541 1060; x_wconf 89' lang='lat' dir='ltr'>litteras</span> <span class='ocrx_word' id='word_1_52' title='bbox 560 996 731 1080; x_wconf 81' lang='lat' dir='ltr'>misissem,</span> <span class='ocrx_word' id='word_1_53' title='bbox 754 1018 836 1080; x_wconf 89' lang='lat' dir='ltr'>quae</span> <span class='ocrx_word' id='word_1_54' title='bbox 854 996 916 1061; x_wconf 91' lang='lat' dir='ltr'>tibi</span> <span class='ocrx_word' id='word_1_55' title='bbox 936 995 1055 1062; x_wconf 79' lang='lat' dir='ltr'>Canusi</span> <span class='ocrx_word' id='word_1_56' title='bbox 1073 997 1175 1060; x_wconf 85' lang='lat' dir='ltr'>red-1</span> 
     </span>
     <span class='ocr_line' id='line_1_9' title="bbox 125 1083 1141 1170; baseline 0 -21"><span class='ocrx_word' id='word_1_57' title='bbox 125 1085 211 1149; x_wconf 90' lang='lat' dir='ltr'>ditae</span> <span class='ocrx_word' id='word_1_58' title='bbox 235 1089 320 1168; x_wconf 86' lang='lat' dir='ltr'>sunt,</span> <span class='ocrx_word' id='word_1_59' title='bbox 344 1085 558 1168; x_wconf 82' lang='lat' dir='ltr'>suspicionem</span> <span class='ocrx_word' id='word_1_60' title='bbox 580 1085 703 1148; x_wconf 89' lang='lat' dir='ltr'>nullam</span> <span class='ocrx_word' id='word_1_61' title='bbox 725 1083 884 1149; x_wconf 81' lang='lat' dir='ltr'>habebam</span> <span class='ocrx_word' id='word_1_62' title='bbox 907 1089 941 1150; x_wconf 89' lang='lat' dir='ltr'>te</span> <span class='ocrx_word' id='word_1_63' title='bbox 967 1086 1014 1149; x_wconf 91' lang='lat' dir='ltr'>rei</span> <span class='ocrx_word' id='word_1_64' title='bbox 1036 1085 1141 1170; x_wconf 91' lang='lat' dir='ltr'>publi-</span> 
     </span>
     <span class='ocr_line' id='line_1_10' title="bbox 126 1173 1142 1258; baseline 0.001 -21"><span class='ocrx_word' id='word_1_65' title='bbox 126 1195 179 1238; x_wconf 87' lang='lat' dir='ltr'>cae</span> <span class='ocrx_word' id='word_1_66' title='bbox 202 1194 299 1238; x_wconf 88' lang='lat' dir='ltr'>causa</span> <span class='ocrx_word' id='word_1_67' title='bbox 328 1195 414 1237; x_wconf 88' lang='lat' dir='ltr'>mare</span> <span class='ocrx_word' id='word_1_68' title='bbox 444 1173 659 1238; x_wconf 88' lang='lat' dir='ltr'>transiturum</span> <span class='ocrx_word' id='word_1_69' title='bbox 691 1195 841 1256; x_wconf 84' lang='lat' dir='ltr'>eramque</span> <span class='ocrx_word' id='word_1_70' title='bbox 873 1173 908 1236; x_wconf 91' lang='lat' dir='ltr'>in</span> <span class='ocrx_word' id='word_1_71' title='bbox 938 1195 995 1257; x_wconf 89' lang='lat' dir='ltr'>spe</span> <span class='ocrx_word' id='word_1_72' title='bbox 1023 1195 1142 1258; x_wconf 84' lang='lat' dir='ltr'>magna</span> 
     </span>
    </p>

    <p class='ocr_par' dir='ltr' id='par_1_6' title="bbox 4 1258 1178 2668">
     <span class='ocr_line' id='line_1_11' title="bbox 86 1258 1142 1348; baseline -0.001 -22"><span class='ocrx_word' id='word_1_73' title='bbox 86 1263 194 1326; x_wconf 84' lang='lat' dir='ltr'>rofore</span> <span class='ocrx_word' id='word_1_74' title='bbox 217 1265 255 1324; x_wconf 92' lang='lat' dir='ltr'>ut</span> <span class='ocrx_word' id='word_1_75' title='bbox 278 1261 313 1324; x_wconf 93' lang='lat' dir='ltr'>in</span> <span class='ocrx_word' id='word_1_76' title='bbox 329 1258 425 1326; x_wconf 88' lang='lat' dir='ltr'>Italia</span> <span class='ocrx_word' id='word_1_77' title='bbox 446 1283 615 1344; x_wconf 86' lang='lat' dir='ltr'>possemus</span> <span class='ocrx_word' id='word_1_78' title='bbox 639 1265 694 1325; x_wconf 89' lang='lat' dir='ltr'>aut</span> <span class='ocrx_word' id='word_1_79' title='bbox 714 1261 917 1326; x_wconf 90' lang='lat' dir='ltr'>concordiam</span> <span class='ocrx_word' id='word_1_80' title='bbox 935 1262 1142 1348; x_wconf 82' lang='lat' dir='ltr'>constituere,</span> 
     </span>
     <span class='ocr_line' id='line_1_12' title="bbox 126 1349 1142 1434; baseline 0.001 -21"><span class='ocrx_word' id='word_1_81' title='bbox 126 1372 190 1434; x_wconf 90' lang='lat' dir='ltr'>qua</span> <span class='ocrx_word' id='word_1_82' title='bbox 212 1349 295 1414; x_wconf 90' lang='lat' dir='ltr'>mihi</span> <span class='ocrx_word' id='word_1_83' title='bbox 321 1349 405 1412; x_wconf 84' lang='lat' dir='ltr'>nihil</span> <span class='ocrx_word' id='word_1_84' title='bbox 435 1349 549 1414; x_wconf 87' lang='lat' dir='ltr'>utilius</span> <span class='ocrx_word' id='word_1_85' title='bbox 578 1349 762 1431; x_wconf 83' lang='lat' dir='ltr'>uidebatur,</span> <span class='ocrx_word' id='word_1_86' title='bbox 793 1353 849 1413; x_wconf 91' lang='lat' dir='ltr'>aut</span> <span class='ocrx_word' id='word_1_87' title='bbox 880 1371 949 1413; x_wconf 91' lang='lat' dir='ltr'>rem</span> <span class='ocrx_word' id='word_1_88' title='bbox 978 1351 1142 1433; x_wconf 90' lang='lat' dir='ltr'>publicam</span> 
     </span>
     <span class='ocr_line' id='line_1_13' title="bbox 126 1437 1142 1522; baseline 0 -20"><span class='ocrx_word' id='word_1_89' title='bbox 126 1460 251 1502; x_wconf 89' lang='lat' dir='ltr'>summa</span> <span class='ocrx_word' id='word_1_90' title='bbox 269 1459 343 1502; x_wconf 93' lang='lat' dir='ltr'>cum</span> <span class='ocrx_word' id='word_1_91' title='bbox 361 1438 519 1522; x_wconf 79' lang='lat' dir='ltr'>dignitate</span> <span class='ocrx_word' id='word_1_92' title='bbox 538 1437 712 1502; x_wconf 86' lang='lat' dir='ltr'>defendere.</span> <span class='ocrx_word' id='word_1_93' title='bbox 745 1437 881 1501; x_wconf 89' lang='lat' dir='ltr'>Interim</span> <span class='ocrx_word' id='word_1_94' title='bbox 899 1438 1043 1502; x_wconf 89' lang='lat' dir='ltr'>nondum</span> <span class='ocrx_word' id='word_1_95' title='bbox 1060 1439 1142 1502; x_wconf 89' lang='lat' dir='ltr'>meis</span> 
     </span>
     <span class='ocr_line' id='line_1_14' title="bbox 126 1524 1141 1610; baseline -0.002 -20"><span class='ocrx_word' id='word_1_96' title='bbox 126 1526 247 1591; x_wconf 87' lang='lat' dir='ltr'>litteris</span> <span class='ocrx_word' id='word_1_97' title='bbox 270 1526 310 1589; x_wconf 92' lang='lat' dir='ltr'>ad</span> <span class='ocrx_word' id='word_1_98' title='bbox 332 1530 365 1589; x_wconf 95' lang='lat' dir='ltr'>te</span> <span class='ocrx_word' id='word_1_99' title='bbox 387 1527 520 1608; x_wconf 90' lang='lat' dir='ltr'>perlatis</span> <span class='ocrx_word' id='word_1_100' title='bbox 544 1547 584 1590; x_wconf 86' lang='lat' dir='ltr'>ex</span> <span class='ocrx_word' id='word_1_101' title='bbox 606 1526 647 1590; x_wconf 91' lang='lat' dir='ltr'>iis</span> <span class='ocrx_word' id='word_1_102' title='bbox 670 1525 841 1610; x_wconf 81' lang='lat' dir='ltr'>mandatis,</span> <span class='ocrx_word' id='word_1_103' title='bbox 864 1547 945 1609; x_wconf 87' lang='lat' dir='ltr'>quae</span> <span class='ocrx_word' id='word_1_104' title='bbox 968 1525 1007 1589; x_wconf 92' lang='lat' dir='ltr'>D.</span> <span class='ocrx_word' id='word_1_105' title='bbox 1030 1524 1141 1590; x_wconf 88' lang='lat' dir='ltr'>Laelio</span> 
     </span>
     <span class='ocr_line' id='line_1_15' title="bbox 127 1613 1143 1696; baseline -0.003 -17"><span class='ocrx_word' id='word_1_106' title='bbox 127 1615 166 1679; x_wconf 90' lang='lat' dir='ltr'>ad</span> <span class='ocrx_word' id='word_1_107' title='bbox 190 1614 337 1678; x_wconf 89' lang='lat' dir='ltr'>consules</span> <span class='ocrx_word' id='word_1_108' title='bbox 361 1614 501 1696; x_wconf 80' lang='lat' dir='ltr'>dederas,</span> <span class='ocrx_word' id='word_1_109' title='bbox 525 1613 644 1678; x_wconf 76' lang='lat' dir='ltr'>certior</span> <span class='ocrx_word' id='word_1_110' title='bbox 661 1614 712 1677; x_wconf 90' lang='lat' dir='ltr'>tui</span> <span class='ocrx_word' id='word_1_111' title='bbox 729 1613 858 1678; x_wconf 87' lang='lat' dir='ltr'>consilii</span> <span class='ocrx_word' id='word_1_112' title='bbox 874 1614 979 1677; x_wconf 89' lang='lat' dir='ltr'>factus</span> <span class='ocrx_word' id='word_1_113' title='bbox 1002 1635 1069 1677; x_wconf 93' lang='lat' dir='ltr'>non</span> <span class='ocrx_word' id='word_1_114' title='bbox 1091 1636 1143 1676; x_wconf 86' lang='lat' dir='ltr'>ex·</span> 
     </span>
     <span class='ocr_line' id='line_1_16' title="bbox 86 1701 1142 1788; baseline -0.004 -20"><span class='ocrx_word' id='word_1_115' title='bbox 86 1703 284 1788; x_wconf 73' lang='lat' dir='ltr'>nspectavi,</span> <span class='ocrx_word' id='word_1_116' title='bbox 317 1702 393 1766; x_wconf 93' lang='lat' dir='ltr'>dum</span> <span class='ocrx_word' id='word_1_117' title='bbox 424 1703 505 1766; x_wconf 88' lang='lat' dir='ltr'>mihi</span> <span class='ocrx_word' id='word_1_118' title='bbox 537 1726 556 1766; x_wconf 92' lang='lat' dir='ltr'>a</span> <span class='ocrx_word' id='word_1_119' title='bbox 587 1706 620 1765; x_wconf 88' lang='lat' dir='ltr'>te</span> <span class='ocrx_word' id='word_1_120' title='bbox 651 1701 780 1766; x_wconf 89' lang='lat' dir='ltr'>litterae</span> <span class='ocrx_word' id='word_1_121' title='bbox 812 1702 1032 1785; x_wconf 88' lang='lat' dir='ltr'>redderentur,</span> <span class='ocrx_word' id='word_1_122' title='bbox 1070 1722 1142 1765; x_wconf 90' lang='lat' dir='ltr'>con·</span> 
     </span>
     <span class='ocr_line' id='line_1_17' title="bbox 126 1789 1141 1874; baseline -0.003 -20"><span class='ocrx_word' id='word_1_123' title='bbox 126 1791 300 1874; x_wconf 87' lang='lat' dir='ltr'>festimque</span> <span class='ocrx_word' id='word_1_124' title='bbox 327 1811 401 1854; x_wconf 90' lang='lat' dir='ltr'>curn</span> <span class='ocrx_word' id='word_1_125' title='bbox 428 1789 547 1865; x_wconf 80' lang='lat' dir='ltr'>Quinto</span> <span class='ocrx_word' id='word_1_126' title='bbox 580 1791 680 1854; x_wconf 86' lang='lat' dir='ltr'>fratre</span> <span class='ocrx_word' id='word_1_127' title='bbox 713 1794 745 1854; x_wconf 92' lang='lat' dir='ltr'>et</span> <span class='ocrx_word' id='word_1_128' title='bbox 772 1812 845 1854; x_wconf 91' lang='lat' dir='ltr'>cum</span> <span class='ocrx_word' id='word_1_129' title='bbox 875 1789 987 1854; x_wconf 89' lang='lat' dir='ltr'>liberis</span> <span class='ocrx_word' id='word_1_130' title='bbox 1019 1789 1141 1853; x_wconf 90' lang='lat' dir='ltr'>nostris</span> 
     </span>
     <span class='ocr_line' id='line_1_18' title="bbox 126 1876 1178 1962; baseline -0.004 -19"><span class='ocrx_word' id='word_1_131' title='bbox 126 1880 189 1943; x_wconf 89' lang='lat' dir='ltr'>iter</span> <span class='ocrx_word' id='word_1_132' title='bbox 222 1879 262 1943; x_wconf 90' lang='lat' dir='ltr'>ad</span> <span class='ocrx_word' id='word_1_133' title='bbox 293 1883 326 1942; x_wconf 84' lang='lat' dir='ltr'>te</span> <span class='ocrx_word' id='word_1_134' title='bbox 357 1879 393 1942; x_wconf 92' lang='lat' dir='ltr'>in</span> <span class='ocrx_word' id='word_1_135' title='bbox 419 1876 572 1961; x_wconf 82' lang='lat' dir='ltr'>Apuliam</span> <span class='ocrx_word' id='word_1_136' title='bbox 603 1878 706 1942; x_wconf 87' lang='lat' dir='ltr'>facere</span> <span class='ocrx_word' id='word_1_137' title='bbox 738 1879 836 1962; x_wconf 91' lang='lat' dir='ltr'>coepi.</span> <span class='ocrx_word' id='word_1_138' title='bbox 887 1876 970 1942; x_wconf 92' lang='lat' dir='ltr'>Cum</span> <span class='ocrx_word' id='word_1_139' title='bbox 998 1877 1178 1940; x_wconf 73' lang='lat' dir='ltr'>Teanuma</span> 
     </span>
     <span class='ocr_line' id='line_1_19' title="bbox 4 1964 1142 2051; baseline -0.003 -20"><span class='ocrx_word' id='word_1_140' title='bbox 4 2031 5 2040; x_wconf 65' lang='grc'>,</span> <span class='ocrx_word' id='word_1_141' title='bbox 128 1965 306 2031; x_wconf 82' lang='lat' dir='ltr'>Sidicinum</span> <span class='ocrx_word' id='word_1_142' title='bbox 328 1967 496 2051; x_wconf 83' lang='lat' dir='ltr'>venissem,</span> <span class='ocrx_word' id='word_1_143' title='bbox 520 1964 553 2030; x_wconf 93' lang='lat' dir='ltr'>C.</span> <span class='ocrx_word' id='word_1_144' title='bbox 577 1965 730 2050; x_wconf 87' lang='lat' dir='ltr'>Messius,</span> <span class='ocrx_word' id='word_1_145' title='bbox 753 1965 920 2031; x_wconf 88' lang='lat' dir='ltr'>familiaris</span> <span class='ocrx_word' id='word_1_146' title='bbox 944 1969 1035 2050; x_wconf 80' lang='lat' dir='ltr'>tuus,</span> <span class='ocrx_word' id='word_1_147' title='bbox 1061 1965 1142 2029; x_wconf 90' lang='lat' dir='ltr'>mihi</span> 
     </span>
     <span class='ocr_line' id='line_1_20' title="bbox 127 2052 1142 2138; baseline -0.003 -19"><span class='ocrx_word' id='word_1_148' title='bbox 127 2055 210 2120; x_wconf 84' lang='lat' dir='ltr'>dixit</span> <span class='ocrx_word' id='word_1_149' title='bbox 234 2055 354 2138; x_wconf 89' lang='lat' dir='ltr'>aliique</span> <span class='ocrx_word' id='word_1_150' title='bbox 376 2055 556 2138; x_wconf 87' lang='lat' dir='ltr'>complures</span> <span class='ocrx_word' id='word_1_151' title='bbox 580 2052 749 2120; x_wconf 87' lang='lat' dir='ltr'>Caesarem</span> <span class='ocrx_word' id='word_1_152' title='bbox 771 2055 834 2118; x_wconf 90' lang='lat' dir='ltr'>iter</span> <span class='ocrx_word' id='word_1_153' title='bbox 856 2053 975 2118; x_wconf 89' lang='lat' dir='ltr'>habere</span> <span class='ocrx_word' id='word_1_154' title='bbox 998 2052 1142 2136; x_wconf 81' lang='lat' dir='ltr'>Capuam</span> 
     </span>
     <span class='ocr_line' id='line_1_21' title="bbox 84 2139 1142 2227; baseline -0.004 -19"><span class='ocrx_word' id='word_1_155' title='bbox 84 2170 113 2208; x_wconf 78' lang='lat' dir='ltr'>ao</span> <span class='ocrx_word' id='word_1_156' title='bbox 127 2149 160 2208; x_wconf 85' lang='lat' dir='ltr'>et</span> <span class='ocrx_word' id='word_1_157' title='bbox 183 2165 220 2208; x_wconf 90' lang='lat' dir='ltr'>eo</span> <span class='ocrx_word' id='word_1_158' title='bbox 248 2143 320 2227; x_wconf 86' lang='lat' dir='ltr'>ipso</span> <span class='ocrx_word' id='word_1_159' title='bbox 344 2143 395 2206; x_wconf 90' lang='lat' dir='ltr'>die</span> <span class='ocrx_word' id='word_1_160' title='bbox 423 2165 611 2207; x_wconf 89' lang='lat' dir='ltr'>mansurum</span> <span class='ocrx_word' id='word_1_161' title='bbox 639 2164 706 2207; x_wconf 87' lang='lat' dir='ltr'>esso</span> <span class='ocrx_word' id='word_1_162' title='bbox 729 2141 910 2207; x_wconf 81' lang='lat' dir='ltr'>Aeserniae.</span> <span class='ocrx_word' id='word_1_163' title='bbox 958 2139 1042 2206; x_wconf 81' lang='lat' dir='ltr'>Sane</span> <span class='ocrx_word' id='word_1_164' title='bbox 1070 2164 1142 2205; x_wconf 87' lang='lat' dir='ltr'>sum</span> 
     </span>
     <span class='ocr_line' id='line_1_22' title="bbox 127 2230 1143 2318; baseline -0.003 -22"><span class='ocrx_word' id='word_1_165' title='bbox 127 2235 323 2317; x_wconf 89' lang='lat' dir='ltr'>commotus,</span> <span class='ocrx_word' id='word_1_166' title='bbox 352 2230 452 2318; x_wconf 80' lang='lat' dir='ltr'>quod,</span> <span class='ocrx_word' id='word_1_167' title='bbox 481 2231 510 2295; x_wconf 89' lang='lat' dir='ltr'>si</span> <span class='ocrx_word' id='word_1_168' title='bbox 531 2231 579 2294; x_wconf 92' lang='lat' dir='ltr'>ita</span> <span class='ocrx_word' id='word_1_169' title='bbox 601 2234 699 2313; x_wconf 90' lang='lat' dir='ltr'>esset,</span> <span class='ocrx_word' id='word_1_170' title='bbox 730 2252 798 2295; x_wconf 91' lang='lat' dir='ltr'>non</span> <span class='ocrx_word' id='word_1_171' title='bbox 824 2230 919 2294; x_wconf 91' lang='lat' dir='ltr'>modo</span> <span class='ocrx_word' id='word_1_172' title='bbox 949 2231 1011 2294; x_wconf 89' lang='lat' dir='ltr'>iter</span> <span class='ocrx_word' id='word_1_173' title='bbox 1034 2252 1143 2294; x_wconf 91' lang='lat' dir='ltr'>meum</span> 
     </span>
     <span class='ocr_line' id='line_1_23' title="bbox 126 2318 1142 2405; baseline -0.002 -21"><span class='ocrx_word' id='word_1_174' title='bbox 126 2320 353 2405; x_wconf 86' lang='lat' dir='ltr'>interclusum,</span> <span class='ocrx_word' id='word_1_175' title='bbox 378 2319 434 2384; x_wconf 87' lang='lat' dir='ltr'>scd</span> <span class='ocrx_word' id='word_1_176' title='bbox 456 2340 507 2383; x_wconf 91' lang='lat' dir='ltr'>me</span> <span class='ocrx_word' id='word_1_177' title='bbox 530 2319 637 2402; x_wconf 89' lang='lat' dir='ltr'>ipsum</span> <span class='ocrx_word' id='word_1_178' title='bbox 664 2318 759 2402; x_wconf 87' lang='lat' dir='ltr'>plane</span> <span class='ocrx_word' id='word_1_179' title='bbox 783 2322 951 2402; x_wconf 86' lang='lat' dir='ltr'>exceptum</span> <span class='ocrx_word' id='word_1_180' title='bbox 978 2318 1142 2402; x_wconf 89' lang='lat' dir='ltr'>putabam.</span> 
     </span>
     <span class='ocr_line' id='line_1_24' title="bbox 125 2406 1143 2492; baseline -0.002 -20"><span class='ocrx_word' id='word_1_181' title='bbox 125 2407 243 2492; x_wconf 90' lang='lat' dir='ltr'>Itaque</span> <span class='ocrx_word' id='word_1_182' title='bbox 277 2412 350 2472; x_wconf 87' lang='lat' dir='ltr'>tum</span> <span class='ocrx_word' id='word_1_183' title='bbox 381 2406 473 2472; x_wconf 90' lang='lat' dir='ltr'>Cales</span> <span class='ocrx_word' id='word_1_184' title='bbox 504 2407 658 2491; x_wconf 89' lang='lat' dir='ltr'>processi,</span> <span class='ocrx_word' id='word_1_185' title='bbox 691 2411 728 2470; x_wconf 90' lang='lat' dir='ltr'>ut</span> <span class='ocrx_word' id='word_1_186' title='bbox 755 2407 803 2470; x_wconf 90' lang='lat' dir='ltr'>ibi</span> <span class='ocrx_word' id='word_1_187' title='bbox 830 2406 1038 2490; x_wconf 89' lang='lat' dir='ltr'>potissimum</span> <span class='ocrx_word' id='word_1_188' title='bbox 1069 2428 1143 2470; x_wconf 92' lang='lat' dir='ltr'>con-</span> 
     </span>
     <span class='ocr_line' id='line_1_25' title="bbox 128 2493 1143 2581; baseline -0.002 -21"><span class='ocrx_word' id='word_1_189' title='bbox 128 2497 290 2581; x_wconf 88' lang='lat' dir='ltr'>sisterem,</span> <span class='ocrx_word' id='word_1_190' title='bbox 317 2496 394 2559; x_wconf 90' lang='lat' dir='ltr'>dum</span> <span class='ocrx_word' id='word_1_191' title='bbox 416 2499 539 2560; x_wconf 88' lang='lat' dir='ltr'>certum</span> <span class='ocrx_word' id='word_1_192' title='bbox 560 2495 655 2559; x_wconf 88' lang='lat' dir='ltr'>nobis</span> <span class='ocrx_word' id='word_1_193' title='bbox 679 2495 720 2559; x_wconf 94' lang='lat' dir='ltr'>ab</span> <span class='ocrx_word' id='word_1_194' title='bbox 739 2493 895 2560; x_wconf 86' lang='lat' dir='ltr'>Aesernia</span> <span class='ocrx_word' id='word_1_195' title='bbox 919 2495 957 2558; x_wconf 86' lang='lat' dir='ltr'>de</span> <span class='ocrx_word' id='word_1_196' title='bbox 980 2517 1031 2580; x_wconf 85' lang='lat' dir='ltr'>eo,</span> <span class='ocrx_word' id='word_1_197' title='bbox 1056 2495 1143 2578; x_wconf 89' lang='lat' dir='ltr'>quod</span> 
     </span>
     <span class='ocr_line' id='line_1_26' title="bbox 83 2584 504 2668; baseline -0.005 -18"><span class='ocrx_word' id='word_1_198' title='bbox 83 2609 112 2650; x_wconf 71' lang='grc' dir='ltr'>ιι</span> <span class='ocrx_word' id='word_1_199' title='bbox 129 2584 303 2668; x_wconf 84' lang='lat' dir='ltr'>audieram,</span> <span class='ocrx_word' id='word_1_200' title='bbox 324 2584 504 2648; x_wconf 85' lang='lat' dir='ltr'>referretur.</span> 
     </span>
    </p>

    <p class='ocr_par' dir='ltr' id='par_1_7' title="bbox 126 2670 1177 3019">
     <span class='ocr_line' id='line_1_27' title="bbox 195 2670 1177 2755; baseline -0.002 -19"><span class='ocrx_word' id='word_1_201' title='bbox 195 2671 241 2736; x_wconf 88' lang='lat' dir='ltr'>At</span> <span class='ocrx_word' id='word_1_202' title='bbox 264 2671 358 2755; x_wconf 84' lang='lat' dir='ltr'>mihi,</span> <span class='ocrx_word' id='word_1_203' title='bbox 387 2693 460 2736; x_wconf 90' lang='lat' dir='ltr'>oum</span> <span class='ocrx_word' id='word_1_204' title='bbox 483 2670 615 2736; x_wconf 90' lang='lat' dir='ltr'>Calibus</span> <span class='ocrx_word' id='word_1_205' title='bbox 640 2693 755 2755; x_wconf 87' lang='lat' dir='ltr'>essem,</span> <span class='ocrx_word' id='word_1_206' title='bbox 788 2671 930 2735; x_wconf 88' lang='lat' dir='ltr'>adfertur</span> <span class='ocrx_word' id='word_1_207' title='bbox 957 2671 1177 2735; x_wconf 82' lang='lat' dir='ltr'>litterarum3</span> 
     </span>
     <span class='ocr_line' id='line_1_28' title="bbox 126 2758 1142 2844; baseline -0.002 -20"><span class='ocrx_word' id='word_1_208' title='bbox 126 2765 259 2824; x_wconf 89' lang='lat' dir='ltr'>tuarum</span> <span class='ocrx_word' id='word_1_209' title='bbox 291 2761 485 2844; x_wconf 86' lang='lat' dir='ltr'>exemplum,</span> <span class='ocrx_word' id='word_1_210' title='bbox 516 2782 597 2843; x_wconf 90' lang='lat' dir='ltr'>quas</span> <span class='ocrx_word' id='word_1_211' title='bbox 628 2764 666 2823; x_wconf 91' lang='lat' dir='ltr'>tu</span> <span class='ocrx_word' id='word_1_212' title='bbox 698 2760 738 2823; x_wconf 87' lang='lat' dir='ltr'>ad</span> <span class='ocrx_word' id='word_1_213' title='bbox 770 2758 945 2823; x_wconf 89' lang='lat' dir='ltr'>Lentulum</span> <span class='ocrx_word' id='word_1_214' title='bbox 976 2759 1142 2824; x_wconf 88' lang='lat' dir='ltr'>consulem</span> 
     </span>
     <span class='ocr_line' id='line_1_29' title="bbox 128 2845 1140 2932; baseline -0.003 -19"><span class='ocrx_word' id='word_1_215' title='bbox 128 2849 283 2913; x_wconf 90' lang='lat' dir='ltr'>misisses</span> <span class='ocrx_word' id='word_1_216' title='bbox 328 2847 399 2912; x_wconf 91' lang='lat' dir='ltr'>Hae</span> <span class='ocrx_word' id='word_1_217' title='bbox 431 2849 570 2930; x_wconf 84' lang='lat' dir='ltr'>scriptae</span> <span class='ocrx_word' id='word_1_218' title='bbox 602 2847 648 2912; x_wconf 91' lang='lat' dir='ltr'>sic</span> <span class='ocrx_word' id='word_1_219' title='bbox 679 2852 783 2932; x_wconf 89' lang='lat' dir='ltr'>erant,</span> <span class='ocrx_word' id='word_1_220' title='bbox 756 2848 943 2912; x_wconf 89' lang='lat' dir='ltr'>tlitteras</span> <span class='ocrx_word' id='word_1_221' title='bbox 972 2847 1034 2911; x_wconf 88' lang='lat' dir='ltr'>tibi</span> <span class='ocrx_word' id='word_1_222' title='bbox 1064 2845 1140 2910; x_wconf 88' lang='lat' dir='ltr'>aL.</span> 
     </span>
     <span class='ocr_line' id='line_1_30' title="bbox 127 2932 1142 3019; baseline -0.002 -19"><span class='ocrx_word' id='word_1_223' title='bbox 127 2935 276 3001; x_wconf 91' lang='lat' dir='ltr'>Domitio</span> <span class='ocrx_word' id='word_1_224' title='bbox 300 2936 374 3000; x_wconf 90' lang='lat' dir='ltr'>ad</span> <span class='ocrx_word' id='word_1_225' title='bbox 393 2953 457 3000; x_wconf 85' lang='lat' dir='ltr'>xm</span> <span class='ocrx_word' id='word_1_226' title='bbox 474 2935 545 3000; x_wconf 89' lang='lat' dir='ltr'>Kal</span> <span class='ocrx_word' id='word_1_227' title='bbox 564 2935 661 2999; x_wconf 90' lang='lat' dir='ltr'>Mart</span> <span class='ocrx_word' id='word_1_228' title='bbox 637 2941 699 3000; x_wconf 86' lang='lat' dir='ltr'>tras</span> <span class='ocrx_word' id='word_1_229' title='bbox 723 2935 800 3000; x_wconf 88' lang='lat' dir='ltr'>allat</span> <span class='ocrx_word' id='word_1_230' title='bbox 786 2939 836 3000; x_wconf 90' lang='lat' dir='ltr'>tas</span> <span class='ocrx_word' id='word_1_231' title='bbox 861 2957 930 3000; x_wconf 89' lang='lat' dir='ltr'>esse</span> <span class='ocrx_word' id='word_1_232' title='bbox 953 2932 1142 3019; x_wconf 83' lang='lat' dir='ltr'>(earumque</span> 
     </span>
    </p>

    <p class='ocr_par' dir='ltr' id='par_1_8' title="bbox 83 3022 1144 3461">
     <span class='ocr_line' id='line_1_31' title="bbox 83 3022 1142 3124; baseline -0.004 -35"><span class='ocrx_word' id='word_1_233' title='bbox 83 3051 114 3090; x_wconf 85' lang='lat' dir='ltr'>ao</span> <span class='ocrx_word' id='word_1_234' title='bbox 131 3025 313 3108; x_wconf 87' lang='lat' dir='ltr'>exemplum</span> <span class='ocrx_word' id='word_1_235' title='bbox 330 3023 593 3110; x_wconf 84' lang='lat' dir='ltr'>subscripseras);</span> <span class='ocrx_word' id='word_1_236' title='bbox 602 3024 783 3124; x_wconf 79' lang='lat' dir='ltr'>magnique</span> <span class='ocrx_word' id='word_1_237' title='bbox 802 3025 850 3087; x_wconf 90' lang='lat' dir='ltr'>int</span> <span class='ocrx_word' id='word_1_238' title='bbox 852 3045 955 3087; x_wconf 82' lang='lat' dir='ltr'>erosae</span> <span class='ocrx_word' id='word_1_239' title='bbox 973 3045 1020 3086; x_wconf 83' lang='lat' dir='ltr'>rer</span> <span class='ocrx_word' id='word_1_240' title='bbox 1012 3022 1142 3105; x_wconf 89' lang='lat' dir='ltr'>publi-</span> 
     </span>
     <span class='ocr_line' id='line_1_32' title="bbox 129 3110 1143 3264; baseline -0.004 -87"><span class='ocrx_word' id='word_1_241' title='bbox 129 3135 184 3177; x_wconf 91' lang='lat' dir='ltr'>cae</span> <span class='ocrx_word' id='word_1_242' title='bbox 208 3113 381 3196; x_wconf 86' lang='lat' dir='ltr'>scripseras</span> <span class='ocrx_word' id='word_1_243' title='bbox 406 3134 514 3177; x_wconf 87' lang='lat' dir='ltr'>omncs</span> <span class='ocrx_word' id='word_1_244' title='bbox 538 3111 646 3264; x_wconf 81' lang='lat' dir='ltr'>copias</span> <span class='ocrx_word' id='word_1_245' title='bbox 669 3112 775 3195; x_wconf 89' lang='lat' dir='ltr'>primo</span> <span class='ocrx_word' id='word_1_246' title='bbox 795 3133 923 3195; x_wconf 90' lang='lat' dir='ltr'>quoque</span> <span class='ocrx_word' id='word_1_247' title='bbox 945 3110 1116 3193; x_wconf 89' lang='lat' dir='ltr'>tempore&#39;</span> <span class='ocrx_word' id='word_1_248' title='bbox 1108 3131 1143 3172; x_wconf 92' lang='grc' dir='ltr'>ιιι</span> 
     </span>
     <span class='ocr_line' id='line_1_33' title="bbox 128 3198 1145 3286; baseline -0.004 -22"><span class='ocrx_word' id='word_1_249' title='bbox 128 3223 231 3265; x_wconf 91' lang='lat' dir='ltr'>unum</span> <span class='ocrx_word' id='word_1_250' title='bbox 244 3200 351 3266; x_wconf 88' lang='lat' dir='ltr'>locum</span> <span class='ocrx_word' id='word_1_251' title='bbox 365 3200 542 3284; x_wconf 84' lang='lat' dir='ltr'>convenire,</span> <span class='ocrx_word' id='word_1_252' title='bbox 561 3222 577 3262; x_wconf 90' lang='lat' dir='ltr'>e</span> <span class='ocrx_word' id='word_1_253' title='bbox 579 3203 657 3286; x_wconf 85' lang='lat' dir='ltr'>tut,</span> <span class='ocrx_word' id='word_1_254' title='bbox 675 3200 834 3283; x_wconf 89' lang='lat' dir='ltr'>praesidio</span> <span class='ocrx_word' id='word_1_255' title='bbox 850 3199 937 3283; x_wconf 90' lang='lat' dir='ltr'>quod</span> <span class='ocrx_word' id='word_1_256' title='bbox 951 3198 1030 3264; x_wconf 88' lang='lat' dir='ltr'>satis</span> <span class='ocrx_word' id='word_1_257' title='bbox 1050 3201 1145 3282; x_wconf 87' lang='lat' dir='ltr'>essct</span> 
     </span>
     <span class='ocr_line' id='line_1_34' title="bbox 130 3250 1145 3391; baseline -0.006 -37"><span class='ocrx_word' id='word_1_258' title='bbox 130 3287 259 3391; x_wconf 80' lang='lat' dir='ltr'>Capuae</span> <span class='ocrx_word' id='word_1_259' title='bbox 282 3289 485 3372; x_wconf 89' lang='lat' dir='ltr'>relinqueret.</span> <span class='ocrx_word' id='word_1_260' title='bbox 463 3287 593 3353; x_wconf 89' lang='lat' dir='ltr'>tHis</span> <span class='ocrx_word' id='word_1_261' title='bbox 621 3309 680 3372; x_wconf 85' lang='lat' dir='ltr'>ego</span> <span class='ocrx_word' id='word_1_262' title='bbox 708 3288 763 3352; x_wconf 86' lang='lat' dir='ltr'>lItt</span> <span class='ocrx_word' id='word_1_263' title='bbox 734 3287 828 3352; x_wconf 87' lang='lat' dir='ltr'>tteris</span> <span class='ocrx_word' id='word_1_264' title='bbox 854 3287 984 3351; x_wconf 87' lang='lat' dir='ltr'>lectis&#39;</span> <span class='ocrx_word' id='word_1_265' title='bbox 974 3307 1010 3349; x_wconf 89' lang='grc' dir='ltr'>ιιι</span> <span class='ocrx_word' id='word_1_266' title='bbox 1035 3250 1145 3385; x_wconf 76' lang='lat' dir='ltr'>cadoni</span> 
     </span>
     <span class='ocr_line' id='line_1_35' title="bbox 130 3371 1143 3461; baseline -0.006 -21"><span class='ocrx_word' id='word_1_267' title='bbox 130 3378 283 3460; x_wconf 90' lang='lat' dir='ltr'>opimone</span> <span class='ocrx_word' id='word_1_268' title='bbox 305 3377 354 3442; x_wconf 76' lang='lat' dir='ltr'>fui</span> <span class='ocrx_word' id='word_1_269' title='bbox 372 3399 436 3461; x_wconf 90' lang='lat' dir='ltr'>qua</span> <span class='ocrx_word' id='word_1_270' title='bbox 454 3377 570 3460; x_wconf 90' lang='lat' dir='ltr'>reliqui</span> <span class='ocrx_word' id='word_1_271' title='bbox 590 3398 707 3456; x_wconf 88' lang='lat' dir='ltr'>omnes,</span> <span class='ocrx_word' id='word_1_272' title='bbox 730 3379 854 3440; x_wconf 88' lang='lat' dir='ltr'>tecum</span> <span class='ocrx_word' id='word_1_273' title='bbox 873 3375 1022 3439; x_wconf 86' lang='lat' dir='ltr'>omnibus</span> <span class='ocrx_word' id='word_1_274' title='bbox 1042 3371 1143 3454; x_wconf 89' lang='lat' dir='ltr'>copiis</span> 
     </span>
    </p>

    <p class='ocr_par' dir='ltr' id='par_1_9' title="bbox 83 3458 1144 3550">
     <span class='ocr_line' id='line_1_36' title="bbox 83 3458 1144 3550; baseline -0.008 -19"><span class='ocrx_word' id='word_1_275' title='bbox 83 3490 113 3531; x_wconf 73' lang='grc' dir='ltr'>ιι</span> <span class='ocrx_word' id='word_1_276' title='bbox 130 3465 172 3529; x_wconf 82' lang='lat' dir='ltr'>ad</span> <span class='ocrx_word' id='word_1_277' title='bbox 194 3464 373 3530; x_wconf 86' lang='lat' dir='ltr'>Corfinium</span> <span class='ocrx_word' id='word_1_278' title='bbox 402 3487 470 3530; x_wconf 91' lang='lat' dir='ltr'>esse</span> <span class='ocrx_word' id='word_1_279' title='bbox 497 3469 681 3550; x_wconf 81' lang='lat' dir='ltr'>venturum3</span> <span class='ocrx_word' id='word_1_280' title='bbox 711 3485 775 3547; x_wconf 93' lang='lat' dir='ltr'>quo</span> <span class='ocrx_word' id='word_1_281' title='bbox 805 3462 902 3548; x_wconf 92' lang='lat' dir='ltr'>mihi</span> <span class='ocrx_word' id='word_1_282' title='bbox 931 3482 1003 3524; x_wconf 92' lang='lat' dir='ltr'>cum</span> <span class='ocrx_word' id='word_1_283' title='bbox 1027 3458 1144 3524; x_wconf 88' lang='lat' dir='ltr'>Caesar</span> 
     </span>
    </p>
   </div>
   <div class='ocr_carea' id='block_1_6' title="bbox 0 0 1312 3884">
    <p class='ocr_par' dir='ltr' id='par_1_10' title="bbox 0 0 1312 3884">
     <span class='ocr_line' id='line_1_37' title="bbox 0 0 1312 3884; baseline 0 0"><span class='ocrx_word' id='word_1_284' title='bbox 0 0 1312 3884; x_wconf 95' lang='lat' dir='ltr'> </span> 
     </span>
    </p>
   </div>
  </div>
 </body>
</html>
