2586 3886
280 147 537 222 EPISTULARUM
555 149 604 202 An
624 147 787 203 Aruicmu
804 149 844 203 vr
862 155 938 204 4-6.
1050 150 1112 214 179

95 291 232 378 ἡμέρας.
275 290 383 369 Ὅσας
420 292 523 357 αὐτὸν
558 291 757 377 ἠνέγκαμεν,
799 294 930 377 σφόδρα
967 291 1113 358 δέδοικα·

95 379 156 445 καὶ
193 382 257 466 γὰρ
289 389 399 466 παρῆν
431 381 514 464 πρὸς
550 379 635 464 ἡμᾶς
671 382 955 464 κατασκεψόμενος
990 384 1049 444 καί
1082 405 1113 445 τι

97 470 223 553 σχεδὸν
247 467 393 545 ἐλπίσας·
430 467 597 550 ἀπογνοὺς
616 466 645 532 δ’
674 468 801 550 ἀλόγως
824 467 946 551 ἀπέστη
971 467 1114 534 ἐπειπών

98 559 223 622 ‘etna‘
255 558 421 640 αἰσχρόν
450 579 510 621 τοι
543 558 665 641 δηρόν
687 580 726 622 τε
749 555 901 641 μένειν’
924 593 977 642 ——,
999 578 1112 640 meque

70 643 288 730 sobiurgavit
314 649 421 709 vetere
443 645 613 727 proverbio
639 645 698 709 ‘ab
730 641 800 729 pto
830 645 1022 729 διδόμενα
1049 645 1112 708 -’.

97 733 242 816 Reliqua
263 732 336 796 vide
358 736 400 817 et,
423 736 580 816 quantum
602 732 672 796 fieri
694 736 813 816 potest,
835 733 987 816 perspice.
1132 749 1147 796 3
1198 801 1204 810 s

169 819 239 884 Nos
277 820 337 885 etsi
373 842 514 885 annuum
546 824 673 903 tempus
710 842 810 904 prope
847 821 912 884 iam
943 821 1113 886 emeritum

97 909 303 974 habebamus
327 909 412 994 (dies
435 908 521 972 enim
539 926 651 972 xxxnl
675 912 766 973 erant
788 907 937 996 reliqui),
961 909 1113 986 sollicitu-

99 997 176 1060 dine
199 996 382 1080 prorinciae
409 1001 518 1061 tamen
540 997 591 1061 vel
620 997 758 1061 maxime
785 997 985 1081 urgebamur.
1032 994 1114 1061 Cum

60 1112 86 1150 ro
100 1085 190 1148 enim
213 1085 338 1149 arderet
357 1083 450 1168 Syria
472 1084 568 1168 be110,
591 1088 623 1148 et
645 1083 782 1149 Bibulus
805 1084 841 1148 in
858 1088 950 1148 tanto
969 1107 1112 1149 maerore

100 1194 162 1237 suo
186 1173 358 1237 maximam
380 1195 489 1237 curam
512 1173 589 1236 belli
609 1172 792 1257 sustineret,
815 1173 854 1235 ad
876 1195 990 1256 meque
1012 1173 1114 1258 legati

101 1261 173 1324 eius
196 1265 229 1325 et
256 1265 407 1345 quaestor
430 1265 462 1325 et
492 1260 586 1325 amici
616 1261 683 1325 eius
712 1261 838 1325 litterar
868 1261 1048 1344 mitterent,
1077 1266 1113 1325 ut

102 1348 250 1413 subsidio
273 1349 428 1433 venirem,
460 1349 522 1412 etsi
554 1349 728 1413 exercitum
755 1349 919 1412 infirmum
946 1348 1114 1432 habebam,

103 1436 225 1500 auxilia
248 1459 324 1502 sane
345 1437 444 1521 bona,
472 1436 527 1501 sed
549 1459 586 1500 ea
610 1435 810 1522 Galatarum,
836 1435 1030 1521 Pisidarum,
1052 1436 1114 1520 Ly·

63 1551 88 1592 ιε
102 1526 227 1589 ciorum
255 1523 352 1612 (haec
379 1525 464 1590 enim
492 1529 567 1589 sunt
594 1530 706 1589 nostra
733 1522 885 1610 robora),
913 1528 1020 1588 tamen
1044 1546 1113 1588 esre

104 1613 247 1678 officium
265 1635 372 1678 meum
390 1613 503 1698 putavi
521 1613 695 1677 exercitum
712 1612 830 1676 habere
844 1633 940 1696 quam
958 1633 1114 1694 proxume

103 1701 244 1785 hostem,
278 1701 383 1784 quoad
411 1701 492 1765 mihi
518 1722 664 1784 praeesse
691 1700 873 1784 provinciae
901 1720 957 1782 per
985 1703 1114 1762 senatus

104 1789 289 1853 consultum
311 1789 428 1853 liceret.
475 1787 550 1872 Sed,
578 1811 642 1872 quo
671 1809 730 1873 ego
758 1788 896 1852 maxime
926 1787 1114 1871 delectabar,

105 1877 242 1942 Bibulus
269 1878 425 1942 molestus
455 1877 536 1941 mihi
564 1899 632 1941 non
661 1880 742 1961 erat,
774 1877 812 1939 de
843 1875 992 1940 omnibus
1018 1875 1114 1939 rebus

66 1993 92 2032 νο
107 1965 266 2029 scribebat
298 1965 338 2028 ad
371 1987 423 2029 me
454 1965 570 2048 potius.
625 1965 670 2028 Et
706 1964 787 2029 mihi
823 1963 1015 2027 decessionis
1048 1962 1114 2026 dies

106 2056 294 2136 λεληθότως
317 2052 498 2136 obrepebat.
544 2052 606 2129 Qui
628 2075 701 2116 cum
723 2052 899 2136 advenerit,
927 2053 1008 2116 ἄλλο
1038 2053 1115 2136 πρό-

106 2145 223 2227 βλημα,
247 2163 341 2224 quem
364 2142 554 2226 praeficiam,
575 2141 639 2205 nisi
663 2138 781 2204 Caldus
805 2143 956 2224 quaestor
978 2140 1115 2223 venerit,

107 2229 144 2293 de
167 2250 230 2314 quo
255 2229 357 2294 adhuc
379 2229 462 2294 nihil
485 2229 563 2293 certi
585 2228 789 2293 habebamus.

173 2315 350 2401 Cupiebam
378 2317 558 2381 mehercule
589 2317 769 2402 longiorem
799 2315 970 2399 epistulam
1003 2316 1151 2400 faceret

69 2433 94 2473 νε
110 2405 163 2469 sed
184 2410 335 2470 necerat
357 2427 423 2490 res,
455 2406 493 2469 de
517 2427 580 2489 qua
608 2406 792 2488 scriberem,
822 2426 880 2469 nec
909 2404 1009 2468 iocari
1040 2423 1116 2486 prae

109 2515 182 2557 cura
204 2497 358 2576 poteram.
390 2492 523 2557 Valebis
545 2493 647 2577 igitur
666 2497 698 2557 et
720 2493 844 2577 puellae
868 2492 1003 2556 salutem
1015 2490 1117 2556 Ἀντι-

109 2583 234 2668 νωτολτῃ
258 2581 342 2646 dices
365 2586 557 2664 nostraeque
579 2580 689 2645 Piliae.

586 2754 641 2820 VI.

277 2875 333 2930 Sor.
353 2874 446 2930 ledi
464 2877 525 2930 ciro.
545 2876 592 2929 IV
608 2876 651 2929 Iol.
672 2874 743 2930 Sext.
764 2893 788 2930 α.
810 2879 865 2931 704
884 2878 954 2944 (50).

73 3009 98 3048 ao
429 2997 557 3054 CICERO
576 2997 708 3052 ATTICO
729 2999 802 3054 SAL.

174 3105 264 3192 Ego,
299 3105 374 3170 dum
405 3107 441 3169 in
472 3105 636 3190 provincia
668 3107 816 3170 omnibus
849 3107 946 3170 rebus
973 3104 1151 3190 Appium1

113 3216 202 3279 orne,
234 3194 341 3258 subito
372 3216 443 3258 sum
475 3195 579 3258 iactus
607 3195 800 3260 accusatoris
829 3194 896 3258 eius
921 3215 1018 3259 socer.
1065 3195 1119 3258 ‘ld

113 3283 267 3366 quidem’,
289 3281 410 3366 inquis,
434 3282 481 3345 ‘di
506 3282 712 3366 adprobentl'
754 3281 805 3346 lta
828 3282 925 3346 velim
954 3287 1050 3366 teque
1073 3283 1118 3345 ita

113 3391 223 3455 cupere
245 3374 331 3434 certo
355 3371 428 3435 scio.
476 3368 546 3456 Sed,
568 3371 659 3435 crede
680 3370 771 3454 mihi,
792 3370 876 3433 nihil
898 3369 1004 3434 minus
1027 3373 1119 3452 puta·
1193 3431 1196 3438 ,

77 3482 100 3522 as
113 3481 178 3524 ram
202 3480 272 3543 ego,
294 3459 350 3542 qui
373 3459 411 3522 de
429 3457 476 3522 Ti.
495 3457 631 3541 Nerone,
656 3459 711 3542 qui
729 3479 855 3522 mecum
874 3461 991 3541 egerat,
1014 3460 1118 3520 certos

907 3559 958 3610 12*
