2586 3886
148 165 213 228 134
380 155 382 158 ¹
468 164 506 219 M.
522 163 629 219 TULLI
649 164 839 220 CICERONIS

110 326 127 373 4
212 307 323 373 Habes
357 308 396 372 ad
430 308 545 373 omnia.
591 308 667 374 Etsi
699 329 798 391 paene
831 308 985 392 praeterii
1019 307 1167 373 chartam

146 397 209 461 tibi
241 397 357 461 deesse.
408 395 482 462 Mea
510 397 616 480 captio
645 401 707 480 est,
741 396 769 460 si
797 396 927 479 quidem
954 397 1023 461 eius
1053 397 1168 480 iuopia

145 486 253 550 minus
279 486 383 550 multa
406 485 447 549 ad
468 508 520 550 me
543 485 666 550 scribis.
708 484 757 548 Tu
780 506 856 549 vero
881 485 971 549 aufer
994 485 1166 570 dueent0s3

146 573 210 637 etsi
231 595 336 638 meam
354 574 390 638 in
408 594 445 638 eo
465 573 695 657 parsimoniam
713 573 811 637 huius
830 573 966 658 paginae
985 574 1166 638 contractio

147 662 317 746 signifieat.
363 661 542 727 Dumtaxat
564 683 719 739 rumores,
741 661 794 726 vel
816 661 915 726 etiam
939 662 967 726 si
991 683 1054 745 qua
1076 665 1167 726 certa
1198 689 1215 730 ⁵

145 750 245 814 habes
270 750 307 813 de
331 748 474 834 Caesare,
497 755 656 833 exspecto.
706 749 847 813 Litteras
871 754 903 814 et
926 749 998 814 aliis
1021 756 1051 816 et
1070 749 1167 815 Pom·

146 839 238 922 ptino
262 839 300 903 de
324 839 475 903 omnibus
498 839 594 903 rebus
619 838 790 924 diligenter
813 837 914 902 dabis.

633 1014 673 1079 V.

263 1135 319 1192 Ser.
342 1137 476 1192 Venusiae
493 1135 551 1190 III
565 1142 615 1191 aut
624 1136 700 1205 prid.
714 1135 759 1190 Id.
775 1135 849 1190 Mar.
864 1153 890 1189 a.
907 1139 961 1190 703
982 1139 1050 1204 (51).

469 1257 595 1313 CICERO
614 1258 746 1314 ATTICO
767 1258 841 1314 SAL.
1183 1273 1213 1311 ιο

112 1388 127 1435 1
212 1367 312 1432 Plane
332 1368 430 1452 deest,
449 1367 535 1451 quod
554 1368 705 1452 scribam3
722 1389 809 1452 nam,
826 1389 885 1431 nee
904 1368 990 1451 quod
1007 1368 1167 1453 mandem,

145 1457 249 1520 habeo
274 1456 375 1542 (nihil
398 1456 484 1520 enim
506 1457 771 1538 praetermissum
794 1453 877 1539 est),
900 1477 959 1521 nee
986 1458 1073 1540 quod
1092 1479 1167 1521 nar-

146 1567 215 1609 rem
239 1542 335 1632 (novi
357 1545 443 1609 enim
464 1542 579 1631 nihil),
607 1566 666 1609 nee
688 1545 814 1609 iocandi
835 1545 927 1609 loeus
951 1548 1014 1628 ast,
1041 1546 1089 1609 ita
1113 1568 1167 1610 me

147 1635 251 1698 multa
270 1633 453 1698 sollicitant.
481 1632 623 1697 Tantum
640 1637 750 1698 tamen
764 1634 854 1717 seito,
868 1630 979 1697 Idibus
993 1633 1089 1698 Maiis
1103 1655 1166 1698 nos

147 1721 291 1787 Venusia
309 1743 403 1785 mane
421 1721 659 1804 proficiscentes
677 1721 737 1786 has
755 1721 887 1786 dedisse.
915 1720 966 1786 Eo
986 1726 1095 1786 autem
1114 1722 1166 1786 die
1182 1747 1211 1789 15

149 1811 241 1875 eredo
266 1809 388 1894 aliquid
412 1812 519 1873 aetum
542 1809 577 1873 in
600 1813 723 1874 senatu.
771 1807 956 1894 sequantur
979 1809 1081 1894 igitur
1102 1831 1165 1876 nos

147 1903 223 1964 tuae
247 1898 389 1983 litterae,
419 1897 537 1981 quibus
560 1919 627 1962 non
649 1898 744 1963 modo
768 1919 820 1962 res
845 1919 965 1982 omnes,
989 1897 1045 1962 sed
1067 1898 1166 1963 etiam

148 2008 293 2051 rumores
321 2007 558 2070 cognoscamus.
606 1986 672 2050 Eas
701 1986 893 2069 aecipiemns
917 1983 1085 2071 Brundisi,
1118 1986 1167 2051 ibi

149 2075 234 2139 enim
251 2073 462 2158 Pomptinum
485 2074 525 2138 ad
544 2094 613 2138 eam
632 2074 725 2156 diem,
749 2096 846 2157 quam
864 2077 902 2138 tu
922 2074 1090 2158 scripsisti,
1114 2096 1166 2139 ex-

113 2167 294 2246 aspeatare
325 2162 497 2227 eonsilium
520 2165 577 2226 est.
622 2160 693 2227 Nos
717 2162 848 2226 Tarenti
871 2184 952 2246 quos
976 2184 1049 2227 eum
1071 2162 1166 2228 Pom·
1181 2191 1210 2229 aa

148 2251 221 2336 peio
250 2252 429 2333 διαλόγους
452 2251 490 2315 de
513 2272 548 2314 re
570 2251 699 2333 publiea
721 2250 946 2334 habuerimus,
977 2250 1018 2315 ad
1039 2256 1073 2315 te
1095 2273 1167 2335 per·

150 2338 335 2403 scribemus.
371 2339 445 2402 Etsi
466 2339 500 2402 id
518 2339 626 2422 ipsum
645 2340 726 2403 seire
745 2339 849 2424 cupio,
872 2338 960 2422 quod
978 2338 1018 2403 ad
1036 2343 1167 2423 tempus

148 2431 234 2491 reeta
264 2426 304 2490 ad
331 2432 363 2491 te
392 2428 530 2492 seribere
552 2427 689 2512 possim,
716 2427 822 2492 idest
846 2448 943 2510 quam
964 2427 1020 2492 diu
1042 2426 1169 2492 Romae

146 2515 277 2579 futurus
301 2515 360 2600 sis,
387 2519 425 2579 ut
449 2519 518 2601 aut,
548 2538 612 2599 quo
637 2517 709 2580 dam
732 2515 868 2600 posthae
890 2515 1033 2600 litteras,
1058 2517 1167 2600 seiam,

148 2607 206 2667 aut
228 2625 269 2668 ne
292 2603 364 2667 dem
386 2603 515 2669 frustra.
563 2603 638 2687 Sed,
667 2607 841 2687 antequam
863 2603 1076 2690 proficiscare,
1103 2606 1166 2669 uti·
1181 2630 1209 2672 aa

149 2714 211 2775 que
235 2692 430 2775 explicatum
455 2692 498 2756 sit
520 2692 602 2756 illud
624 2691 689 2757 HS.
708 2695 757 2756 Χῖ
781 2697 814 2756 et
836 2695 935 2757 fid‘c'c‘.
972 2692 1044 2757 Hoe
1066 2693 1167 2758 velim

149 2780 185 2844 in
215 2781 365 2844 maximis
395 2780 492 2844 rebus
520 2785 553 2844 et
576 2782 715 2846 maxime
737 2781 926 2845 necessariis
950 2781 1086 2866 habeas,
1119 2785 1168 2867 ut,

152 2869 239 2952 quod
262 2873 395 2934 auctore
418 2872 452 2934 te
475 2869 558 2933 velle
582 2871 682 2955 coepi,
706 2869 854 2935 adiutura
877 2869 1043 2953 adsequar.

628 3044 684 3111 VI.

345 3167 402 3223 Ser.
424 3167 540 3222 Tarenti
559 3167 638 3221 XIV
653 3167 690 3222 K.
705 3168 771 3222 Ian.
787 3185 813 3222 a.
829 3171 884 3224 703
904 3170 973 3236 (51).
1181 3178 1209 3218 su

472 3288 601 3345 CICERO
620 3289 753 3345 ATTICO
773 3290 848 3346 SAL.

115 3416 129 3463 1
216 3400 393 3466 Tarentum
420 3400 494 3465 veni
521 3422 547 3465 a.
572 3399 672 3464 dxv
698 3397 770 3464 Kal.
795 3398 913 3466 Iunias.
960 3399 1053 3476 Quod
1074 3397 1168 3464 Pom·
1279 3459 1280 3464 ,

149 3489 279 3572 ptinum
315 3493 491 3555 statueram
526 3492 721 3573 exspectare,
758 3487 1056 3553 commodissimum
1090 3486 1169 3552 duxi
1279 3515 1280 3534 ¹
