2616 3884
304 155 562 211 EPISTULARUM
580 155 630 210 AD
648 155 812 210 ATTIUUM
831 155 895 210 vm
915 162 992 212 7-9.
1089 155 1157 220 233

1 321 2 328 “
136 299 286 364 bendam.
323 299 373 363 Ea
396 299 481 364 enim
504 303 537 364 et
560 299 743 364 aeciderunt
765 299 830 362 iam
853 303 885 363 et
904 299 1098 384 impendent,
1120 303 1160 363 ut

138 390 299 453 testatum
331 409 399 452 esse
431 388 541 471 velim,
577 387 615 452 de
647 409 725 471 paee
757 388 834 470 quid
867 387 1028 452 senserim.
1075 386 1159 452 cum

140 480 251 541 autem
273 475 313 540 ad
335 498 406 540 earn
427 475 576 539 hortarer
599 498 672 540 eum
690 475 879 559 praesertim
896 475 1069 562 hominem,
1090 496 1158 540 non

139 564 276 630 videbar
297 564 365 628 ullo
388 563 484 628 modo
507 563 634 628 facilius
657 567 816 649 moturus,
839 586 935 647 quam
959 564 987 628 si
1005 563 1047 648 id,
1071 563 1157 646 quod

113 674 216 719 seum
237 652 395 735 hortarer,
418 653 588 716 convenire
611 652 679 716 eius
698 652 875 735 sapientiae
893 652 1037 716 dicerem.
1073 651 1157 716 Eam

142 740 172 804 si
199 741 442 819 ‘admirabilem'
471 740 550 824 dixi,
581 761 679 823 quom
707 761 780 804 eum
807 740 847 803 ad
874 741 1011 804 salutem
1033 740 1158 823 patriae

141 829 310 910 hortabar,
338 850 407 892 non
430 849 501 892 sum
523 828 655 912 veritus,
677 849 718 893 ns
740 828 864 892 viderer
887 828 1057 913 adsentari,
1081 828 1158 911 quoi

142 916 203 980 tali
234 917 270 980 in
300 937 334 980 re
365 915 514 980 lubenter
544 938 596 980 me
629 915 669 980 ad
695 916 791 998 pedes
819 916 1014 999 obiecissem.
1065 915 1158 992 Quod

142 1008 199 1068 aut
200 1027 251 1069 em
283 1007 342 1068 est
364 1003 498 1088 ‘aliquid
524 1004 679 1087 inpertias
708 1004 884 1087 temporis',
925 1027 993 1069 non
1021 1008 1083 1088 est,
1119 1005 1158 1068 de

98 1120 128 1158 ro
141 1115 230 1178 paee,
252 1092 307 1157 sed
330 1092 368 1156 de
390 1113 442 1156 me
464 1114 535 1175 rpso
560 1091 654 1157 etde
675 1114 747 1156 meo
772 1093 877 1156 offioio
902 1097 939 1157 ut
963 1056 1084 1176 aliquid
1107 1113 1158 1156 eo-

142 1181 234 1265 gitet.
280 1178 375 1263 Nam,
402 1180 488 1264 quod
510 1180 667 1244 testificor
689 1201 740 1244 me
763 1184 925 1263 expertem
948 1181 1026 1244 belli
1048 1181 1158 1264 fuisse,

142 1269 205 1332 etsi
232 1268 266 1332 id
293 1291 327 1332 re
354 1271 574 1420 perspectumt
584 1272 647 1354 est,
678 1271 787 1332 tamen
814 1290 851 1333 eo
876 1269 1003 1352 scripsi,
1036 1269 1159 1351 quoin

143 1355 304 1421 suadendo
332 1356 407 1440 plus
435 1356 638 1421 auctoritatis
665 1355 830 1441 haberem,
864 1357 1037 1440 eodemque
1059 1356 1158 1441 perti-

140 1449 197 1510 net
198 1444 318 1531 ,quod
340 1466 470 1509 oausam
493 1445 561 1508 eius
584 1444 695 1527 probe.

99 1557 127 1598 15
198 1498 275 1596 Sed
308 1532 387 1616 quid
416 1532 495 1596 haee
523 1532 629 1596 nune?
667 1531 801 1596 Utinam
828 1531 951 1614 aliquid
977 1531 1101 1614 profect
1102 1546 1193 1596 uma

142 1623 241 1686 esset!
272 1618 323 1684 Ne
347 1640 407 1704 ego
429 1621 473 1685 ist
475 1641 510 1684 as
459 1621 691 1684 tlitteras
681 1642 717 1684 m
734 1619 884 1684 contione
906 1619 1035 1683 recitari
1052 1619 1158 1702 velim,

143 1709 172 1773 si
194 1708 324 1792 quidem
346 1708 433 1772 ille
424 1730 493 1792 ipse
512 1709 551 1772 ad
570 1708 704 1773 eundem
723 1708 893 1772 scribens
884 1729 920 1770 1n
936 1707 1066 1789 publico
1085 1728 1158 1789 pro-

143 1797 253 1880 posuit
277 1796 447 1878 epistulam
468 1796 567 1879 illam,
589 1797 625 1860 in
647 1818 711 1880 qua
734 1799 783 1860 est
807 1795 878 1878 ‘pro
900 1796 966 1857 tuis
989 1794 1086 1857 rebus
1106 1813 1158 1877 ge

143 1885 203 1948 stis
222 1884 442 1966 amplissimis'
461 1882 729 1969 (amplioribusne
751 1905 848 1967 quarn
867 1882 943 1964 suis,
962 1904 1059 1965 quam
1073 1880 1158 1944 Afri-

100 1999 129 2038 so
142 1972 235 2037 sani?
271 1970 323 2036 Ita
350 1976 478 2055 tempus
505 1970 658 2058 ferebat),
685 1972 714 2036 si
740 1971 870 2055 quidem
893 1971 991 2033 etiam
1013 1991 1070 2034 vos
1094 1970 1158 2034 duo

142 2061 224 2124 tales
255 2061 296 2123 ad
326 2061 475 2144 quintum
504 2061 678 2124 miliarium
710 2059 787 2142 quid
814 2080 900 2122 nuno
926 2058 1034 2140 ipsum
1061 2058 1100 2122 de
1123 2079 1159 2122 se

141 2148 324 2232 recipienti,
357 2149 434 2231 quid
464 2148 585 2233 agenti,
618 2149 694 2232 quid
722 2148 854 2212 acturo?
893 2144 1020 2221 Quanto
1049 2150 1158 2210 autem

141 2237 280 2300 ferocius
303 2235 358 2299 ille
381 2258 494 2301 causae
517 2258 593 2300 suae
616 2236 762 2318 oonfidet,
786 2257 858 2299 oum
876 2255 944 2318 vos,
966 2256 1038 2298 oum
1057 2234 1158 2299 vestri

143 2324 266 2388 similes
292 2345 359 2388 non
385 2325 484 2389 modo
508 2325 706 2410 frequentes,
733 2323 788 2388 sed
814 2323 899 2387 laeto
927 2323 1021 2387 vultu
1049 2327 1159 2407 gratu-

98 2413 247 2482 aslantas
274 2411 406 2478 viderit!
443 2411 543 2476 ‘Num
572 2413 673 2497 igitur
701 2411 901 2495 peoeamus?'
938 2410 1073 2474 Minime
1099 2431 1158 2475 vos

143 2500 287 2585 quidem,
315 2501 371 2564 sed
393 2505 502 2564 tamen
524 2499 617 2584 signa
639 2500 883 2583 conturbantur,
907 2499 1024 2582 quibus
1046 2498 1159 2563 volun-

142 2594 194 2654 tas
218 2611 237 2652 a
260 2589 466 2653 simulatione
488 2588 645 2672 distingui
667 2592 784 2671 posset.
822 2586 910 2663 Quas
932 2608 1008 2652 vero
1028 2591 1158 2651 senatus

142 2676 292 2742 consulta
313 2677 428 2741 video?
465 2676 528 2742 Sed
551 2677 701 2760 apertius,
724 2698 822 2759 quam
845 2697 1083 2759 proposueram.

208 2764 282 2849 Ego
310 2763 427 2848 Arpini
454 2764 528 2829 volo
542 2802 543 2806 =
558 2786 625 2829 esse
651 2764 755 2848 pridie
781 2762 866 2850 Kal,
899 2763 1011 2827 deinde
1038 2764 1194 2828 eircums

98 2879 130 2918 ao
143 2853 273 2917 villulas
299 2857 428 2917 nostras
456 2874 575 2938 errare,
607 2873 686 2936 quas
713 2853 859 2916 visurum
885 2874 937 2917 me
966 2855 1080 2934 postea
1107 2852 1158 2916 de-

145 2941 278 3025 speravi,
291 3009 295 3026 ι
308 2941 440 3024 Eripere}
463 2944 520 3005 tua
543 2941 676 3005 consilia
700 2944 731 3004 et
752 2944 861 3005 tamen
879 2962 938 3023 pro
957 2939 1158 3023 temporibus

143 3051 210 3094 non
240 3029 370 3093 incauta
401 3029 482 3092 mihi
512 3028 605 3092 valde
635 3029 823 3112 probantur.
876 3026 996 3112 Lepido
1029 3028 1159 3110 quidem

144 3115 233 3203 (nam
255 3118 323 3182 fere
345 3117 659 3202 συνδιημερεύομεν,
683 3117 768 3200 quod
786 3116 1007 3201 gratissimum
1025 3116 1075 3180 illi
1093 3113 1159 3201 est)

143 3227 320 3290 numquam
346 3205 469 3289 plaouit
492 3226 531 3269 ex
553 3203 649 3269 Italia
672 3205 771 3289 exire,
797 3204 892 3268 Tullo
915 3204 1018 3268 multo
1041 3203 1158 3268 minus.

97 3315 130 3358 as
145 3291 265 3358 Crebro
295 3293 380 3358 enim
403 3294 491 3357 illius
513 3293 642 3357 litterae
665 3293 705 3356 ab
729 3293 800 3357 aliis
824 3293 865 3356 ad
886 3314 946 3357 nos
970 3295 1157 3357 commeant.

145 3380 206 3446 Sed
237 3404 288 3446 me
320 3382 451 3447 illorum
485 3381 662 3446 sententiae
694 3381 800 3446 minus
832 3381 1019 3466 movebant3
1051 3379 1158 3442 minus

142 3470 246 3534 multa
269 3470 421 3535 dederant
443 3469 494 3534 illi
516 3469 732 3553 reipublicae
754 3469 899 3552 pignora.
945 3467 1014 3531 Tua
1036 3467 1160 3530 meher-
