2616 3884
164 168 228 233 228
483 166 520 220 Μ.
540 166 647 220 TULLI
665 165 853 221 CICERONIS

160 314 231 376 tum
259 313 322 396 est,
349 310 404 374 sed
433 309 489 395 sit3
524 310 643 374 deferet
669 309 878 393 triumphum.
927 306 1004 373 Non
1031 309 1174 392 accipere

160 401 229 464 cade
250 421 291 463 ne
313 398 530 483 periculosum
553 398 606 483 sit,
628 400 763 480 occepere
784 397 979 461 invidiosum
1002 397 1042 460 ad
1059 397 1173 461 bonos.
1294 409 1295 416 ’

162 486 200 550 ‘0
229 487 318 571 rem’,
348 487 469 571 inquis,
498 485 672 550 ‘difficilem
695 489 727 550 et
750 485 1032 568 inexplicabilem?
1069 483 1173 569 Atqui

162 574 348 658 explicanda
375 578 433 638 est.
479 572 563 648 Quid
591 575 677 638 enim
700 574 770 638 fieri
797 574 928 658 potest?
963 571 1029 658 Ac,
1059 595 1100 637 ne
1122 595 1173 637 me

161 663 356 727 existimaris
393 662 432 725 ad
467 662 661 725 manendum
698 684 767 726 esse
797 661 1051 747 propensiorem,
1087 662 1174 745 quod
1200 685 1213 726 s

161 751 255 834 plura
278 750 312 814 in
335 753 553 833 campartem
575 750 673 815 verba
690 749 829 836 fecerim,
853 753 961 832 potest
984 749 1063 833 fieri,
1087 750 1173 833 quod

161 840 200 902 fit
222 839 258 903 in
279 838 391 902 multis
415 838 670 922 quaestionibus,
698 841 735 901 ut
758 859 809 901 res
834 837 1001 902 verbosior
1025 837 1104 902 haec
1125 839 1174 902 fu-

163 927 233 1009 erit,
261 926 318 990 illa
340 926 453 990 verior.
500 925 602 1001 Quem
626 925 667 989 ob
691 947 759 990 rem
782 930 820 989 ut
842 926 981 989 maxima
1005 926 1043 989 de
1066 947 1101 989 re
1125 947 1174 990 ae

163 1035 226 1098 quo
256 1014 362 1078 animo
393 1014 582 1078 deliberanti
608 1014 655 1076 ita
682 1013 764 1077 mihi
796 1013 850 1078 des
878 1013 1048 1078 consilium
1067 1014 1173 1078 velim.

162 1101 264 1166 Navis
288 1105 319 1166 et
342 1103 377 1165 in
399 1099 510 1167 Caieta
533 1106 581 1166 est
603 1105 716 1184 perata
737 1101 832 1166 nobis
856 1105 887 1164 et
910 1101 1071 1166 Brundisi.
1188 1129 1216 1167 ro

129 1211 144 1260 7
231 1187 293 1253 sed
322 1211 392 1254 ecce
419 1189 525 1253 nuntii
553 1189 711 1255 scribente
738 1211 790 1254 me
817 1189 894 1253 haec
921 1189 991 1272 ipsa
1018 1193 1116 1254 noctu
1141 1191 1175 1254 in

164 1276 292 1363 Caleno,
311 1299 380 1341 ecce
397 1277 525 1343 litterae
544 1276 712 1343 Caesarem
731 1278 770 1342 ad
785 1276 971 1362 Corfinium,
993 1276 1176 1342 Domitium

165 1365 286 1430 Corfini
309 1387 382 1430 cum
404 1366 497 1431 firmo
521 1367 663 1430 exercitu
685 1369 717 1430 et
739 1386 883 1450 pugnare
901 1367 1057 1448 cupiente.
1098 1365 1176 1430 Non

163 1457 242 1537 puto
275 1455 372 1518 etiam
403 1453 465 1519 hoc
493 1452 638 1519 Gnaeum
669 1457 817 1518 nostrum
847 1456 1105 1539 commissurum,
1138 1458 1176 1517 ut

162 1540 345 1606 Domitium
371 1542 545 1626 relinquat3
569 1543 631 1606 etsi
652 1541 863 1606 Brundisium
892 1539 1075 1625 Scipionem
1102 1563 1177 1606 curn
1190 1567 1217 1608 rs

163 1630 351 1695 cohortibus
379 1630 502 1694 duabus
525 1631 747 1716 praemiserat,
775 1630 936 1713 legionem
958 1629 1079 1694 Fausto
1103 1651 1177 1694 con-

165 1719 317 1802 scriptam
344 1719 379 1781 in
401 1716 544 1792 Siciliam
572 1719 635 1783 sibi
661 1718 785 1800 placere
809 1740 827 1781 a
850 1718 981 1782 consule
1004 1717 1078 1782 duci
1100 1719 1177 1782 scri-

163 1811 272 1890 pserat
296 1806 335 1870 ad
357 1807 513 1871 consules.
551 1805 613 1871 Sed
635 1809 730 1889 turpe
747 1804 929 1871 Domitium
952 1806 1096 1870 deserere
1114 1807 1177 1870 erit

164 1896 391 1978 implorantem
419 1894 487 1958 eius
517 1894 680 1958 auxilium.
727 1893 789 1958 Est
817 1893 972 1977 quaedam
1000 1915 1072 1977 spes
1095 1894 1177 1958 mihi

165 1983 293 2066 quidem
323 2004 390 2046 non
417 2002 547 2066 magna,
578 1982 632 2046 sed
654 1982 689 2045 in
711 1981 763 2045 his
786 1981 865 2046 locis
888 1982 982 2046 firma
1003 1982 1177 2046 Afranium
1191 2009 1220 2048 ao

166 2072 200 2134 in
226 2070 388 2153 Pyrenaeo
417 2092 490 2134 cum
516 2069 677 2134 Trebonio
703 2089 878 2154 pugnasse,
906 2071 1035 2152 pulsum
1058 2070 1178 2135 Trebo-

164 2159 269 2240 nium,
296 2157 394 2221 etiam
415 2156 552 2222 Fabium
578 2161 671 2220 tuum
698 2157 853 2221 transisse
880 2178 952 2221 cum
980 2157 1179 2244 cohortibus,

167 2267 291 2309 summa
314 2249 421 2309 autem
438 2243 610 2309 Afranium
632 2267 706 2308 cunr
728 2245 854 2329 maguis
877 2246 978 2329 copiis
997 2246 1178 2312 adventare.

165 2332 204 2397 Id
232 2333 260 2396 si
287 2336 350 2417 est,
378 2333 413 2395 in
438 2332 534 2397 Italia
560 2333 697 2397 fortasse
724 2333 914 2397 manebitur.
959 2334 1031 2418 Ego
1060 2338 1178 2421 autem,

166 2442 239 2484 cum
263 2423 346 2483 esset
368 2421 526 2485 incertum
543 2421 605 2485 iter
624 2419 779 2506 Caesaris,
803 2421 889 2504 quod
905 2421 957 2485 vel
975 2423 1015 2486 ad
1035 2421 1178 2506 Capuam
1193 2448 1222 2488 25

166 2507 219 2572 vel
246 2508 286 2571 ad
313 2507 479 2573 Luceriam
515 2509 619 2574 iturus
646 2509 837 2595 putabatur,
870 2507 1006 2592 Leptam
1033 2511 1108 2575 misi
1138 2511 1179 2576 ad

166 2595 355 2746 {ompeium
373 2617 442 2661 cum
459 2597 594 2683 litteris3
619 2597 698 2683 ipse,
715 2619 756 2661 ne
775 2619 839 2681 quo
859 2597 1041 2683 inciderem,
1059 2601 1179 2663 reverti

195 2705 320 2748 ormlas.

233 2770 321 2834 Haec
356 2775 389 2834 te
425 2773 504 2836 scire
539 2773 628 2837 volui
661 2773 838 2856 scripsique
871 2773 1028 2837 sedatiore
1061 2775 1180 2862 animo,

168 2859 431 2942 quamproxime
456 2860 654 2948 scripseram,
675 2861 801 2926 nullum
824 2882 932 2926 meum
954 2862 1109 2927 iudicium
1131 2864 1180 2928 in-
1195 2891 1225 2930 co

135 2956 137 2960 ’
168 2951 348 3032 terponens,
372 2947 427 3011 sed
449 2948 618 3030 exquirens
642 2953 742 3014 tuum.

644 3088 700 3154 IV.

213 3189 269 3246 Sar.
284 3191 316 3244 ia
334 3189 486 3245 Formiano
510 3191 590 3244 VIII
605 3191 642 3246 K.
658 3193 745 3248 Mart.
762 3201 825 3249 cate
844 3195 928 3250 lucem
946 3213 971 3248 a.
989 3198 1043 3249 705
1063 3198 1132 3264 (49).

488 3294 616 3351 CICERO
634 3297 765 3352 ATTICO
785 3298 859 3355 SAL.

136 3405 151 3452 1
237 3386 413 3470 Dionysius
438 3387 566 3470 quidem
589 3391 666 3451 tuus
689 3389 798 3471 potius
822 3412 918 3473 quem
940 3394 1061 3476 noster,
1091 3391 1183 3456 cuius
1198 3418 1227 3458 ss

172 3495 231 3560 ego
250 3498 323 3541 cum
343 3476 421 3540 setis
441 3495 629 3561 cognossem
647 3498 763 3564 mores,
785 3481 842 3543 tuo
862 3482 971 3543 temen
988 3479 1098 3563 potius
1118 3483 1184 3543 sta-
