2568 3888
248 158 508 213 EPISTULARUM
526 159 576 212 AD
595 158 759 214 ATTICUM
776 160 803 213 Il
822 166 863 228 18,
885 166 925 214 19.
1053 161 1098 224 63

546 337 631 403 XIX.

309 458 367 514 Ser.
387 459 491 514 Romae
508 475 543 512 m.
565 458 657 527 Quint.
677 476 704 512 a.
724 462 780 514 695
799 462 868 527 (59).

401 580 530 635 CICERO
549 580 680 635 ATTICO
701 581 775 636 SAL.

140 686 253 751 Multa
270 709 324 752 ma
344 689 520 752 sollicitant
540 691 572 752 et
591 711 629 752 ex
650 690 697 752 rei
720 689 867 773 publicae
890 694 983 754 tanto
1006 693 1132 753 motu1

54 778 107 838 set
129 796 171 838 ex
195 777 238 838 iis
260 776 424 862 periculis,
447 798 529 860 quae
552 777 634 840 mihi
656 777 719 861 ipsi
742 778 955 841 intenduntur
979 781 1011 842 et
1034 799 1099 841 ses-

77 867 169 926 centa
196 867 287 948 sunt3
313 865 369 928 sed
387 865 469 927 mihi
487 864 570 928 nihil
589 869 638 928 est
656 864 825 929 molestius
845 888 941 949 quam
957 863 1099 929 Statium

75 973 175 1014 manu
201 973 354 1016 missum:

77 1071 169 1137 ‘Nec
193 1095 318 1138 meum
341 1074 558 1160 imperium,
584 1096 625 1138 11
647 1074 762 1139 mitto
785 1075 1002 1161 imperium,
1023 1076 1099 1138 n6n

718 1162 957 1227 simultatem
980 1184 1099 1226 meam

47 1247 263 1313 allevereri
287 1248 456 1312 salteml'

78 1369 153 1456 Nec,
177 1372 260 1456 quid
282 1372 408 1456 faciam,
431 1372 507 1456 scio,
530 1394 634 1456 neque
656 1376 785 1437 tantum
809 1377 858 1438 est
880 1374 977 1458 inre,
1000 1395 1099 1456 quan-

79 1462 129 1522 tus
158 1464 211 1523 est
240 1482 355 1524 1111111.
400 1459 473 1544 Ego
500 1464 608 1524 autem
631 1483 672 1524 ne
693 1462 790 1524 irasci
811 1483 946 1545 possum
968 1462 1098 1546 quidem

80 1546 128 1631 iis,
149 1569 236 1631 quos
255 1549 350 1612 valde
369 1569 455 1631 amo;
478 1551 607 1612 tantum
626 1549 718 1612 doleo
742 1570 779 1613 ac
800 1550 935 1613 mirifice
959 1550 1097 1633 quidem.

82 1632 192 1699 Cetera
221 1636 257 1699 in
284 1635 411 1720 magnis
439 1635 544 1700 rebus.
596 1635 705 1700 Minae
735 1633 829 1701 Clodi
863 1637 1099 1700 contentiones-

51 1744 245 1807 11111111
259 1724 342 1787 mihi
355 1728 592 1809 proponuntur,
604 1725 728 1788 modice
741 1747 794 1789 me
807 1728 961 1809 tangunt,
980 1724 1098 1788 etenim

83 1811 129 1873 vel
155 1811 270 1875 subire
298 1833 351 1876 eas
379 1812 490 1876 videor
517 1812 599 1878 mihi
622 1835 747 1876 summa
769 1835 842 1877 cum
866 1813 1025 1896 dignitate
1047 1813 1100 1875 vel

83 1897 240 1963 declinare
267 1899 358 1964 nulla
384 1921 458 1963 cum
484 1899 634 1964 molestia
665 1922 767 1984 posse.
819 1899 914 1964 Dices
946 1900 1097 1964 fortasse:

85 1984 275 2070 ‘Dignitatis
303 1989 377 2064 ἅλις
398 1990 565 2071 tamquam
588 1990 705 2073 δρυός,
734 1987 847 2074 saluti,
874 1988 902 2051 si
924 2009 977 2052 me
1000 2009 1099 2073 amas,

85 2075 231 2141 consule'
279 2074 333 2140 Me
355 2076 522 2140 miseruml
550 2098 607 2140 cur
629 2099 695 2141 non
719 2076 815 2140 ades?
845 2076 930 2140 nihil
951 2077 1097 2159 profecto

55 2164 114 2223 ate
134 2162 337 2246 praeteriret.
374 2163 447 2248 Ego
470 2165 609 2228 fortasse
631 2167 812 2249 τυφλώττω
837 2167 869 2228 et
892 2164 1030 2228 nimium
1052 2172 1099 2251 τῷ

85 2256 168 2337 καλῷ
195 2251 450 2337 προσπέπονθα.
496 2250 584 2317 Scito
612 2252 696 2316 nihil
722 2275 876 2336 umquam
903 2253 1003 2316 fuisse
1030 2256 1134 2318 tama

86 2336 212 2425 infame,
240 2344 310 2403 tam
332 2343 441 2425 turpe,
469 2343 537 2404 tam
560 2362 718 2425 peraeque
741 2341 892 2405 omnibus
916 2341 1099 2426 generibus,

87 2426 266 2512 ordinibus,
290 2428 450 2492 aetatibus
475 2429 632 2492 offensum
660 2451 758 2513 quam
779 2429 866 2493 hunc
889 2433 1020 2516 statum,
1043 2429 1100 2512 qui

86 2533 165 2579 nunc
192 2520 258 2600 est,
285 2516 389 2600 magis
414 2516 607 2602 mehercule,
636 2539 733 2600 quam
755 2517 885 2602 vellem,
912 2538 979 2581 non
1000 2517 1098 2582 modo

58 2623 77 2662 u
89 2621 178 2682 quam
196 2606 355 2688 putarem.
388 2602 563 2687 Populares
585 2605 643 2669 isti
660 2606 725 2669 iam
744 2605 842 2670 etiam
859 2606 1024 2669 modestos
1041 2603 1098 2668 ho-

88 2689 182 2755 mines
207 2692 340 2756 sibilare
368 2692 552 2756 docuerunt.
597 2691 734 2757 Bibulus
761 2693 797 2757 in
823 2693 910 2758 caelo
940 2697 1004 2779 est,
1031 2714 1100 2778 nec,

90 2796 188 2865 quare,
213 2781 291 2866 scio,
314 2780 370 2844 sed
392 2780 439 2844 ita
461 2780 621 2866 laudatur,
644 2782 737 2865 quasi

117 2899 236 2966 ‘Unus
258 2901 371 2967 homo
394 2902 506 2966 nobis
530 2903 744 2967 cunctando
767 2903 947 2968 restituit
969 2905 1067 2968 rem?

149 3023 332 3111 Pompeius,
354 3026 460 3089 nostri
483 3047 618 3111 amores,
641 3027 728 3110 quod
745 3026 828 3090 mihi
846 3048 972 3090 summo
995 3026 1099 3092 dolori

62 3113 149 3196 uest,
172 3114 243 3198 ipse
273 3135 308 3177 se
335 3113 469 3178 adflixit.
514 3112 685 3179 Neminem
712 3118 824 3178 tenent
850 3114 1031 3199 voluntate3
1058 3138 1099 3179 ne

92 3203 172 3263 metu
197 3223 328 3266 necesse
357 3202 400 3265 sit
427 3201 468 3265 iis
496 3203 560 3288 uti,
587 3224 707 3267 vereor.
757 3202 830 3287 Ego
860 3205 967 3267 autem
994 3226 1099 3287 neque

92 3304 191 3370 pugno
218 3311 294 3354 cum
321 3290 378 3353 illa
406 3310 501 3354 eausa
528 3295 661 3374 propter
683 3291 773 3354 illam
796 3290 972 3354 amicitiam
994 3313 1099 3374 neque

95 3378 240 3472 approbo,
263 3400 305 3442 ne
329 3378 437 3442 omnia
459 3379 655 3463 improbem,
678 3400 759 3463 quae
782 3382 877 3442 antea
900 3379 999 3462 gessi3
1022 3383 1099 3442 utor

93 3479 146 3524 11
178 3465 296 3550 Populi
315 3487 429 3531 sensus
447 3467 586 3531 maxime
609 3466 737 3531 theatro
761 3470 793 3529 et
817 3466 1006 3549 spectaculis
1029 3481 1133 3548 per-3
