2484 3886
174 171 310 228 CXLVIII
491 171 706 225 ADNOTATIO
726 169 869 225 OBI'IICA

174 331 194 382 p
218 319 260 366 11.
284 345 319 355 —-
342 319 375 367 26
386 330 427 381 sq.
446 313 519 368 amit
541 345 575 354 -
598 313 689 367 dicam
706 312 737 366 in
753 312 884 382 parenth.
899 309 1085 381 Wesenberg,
1108 311 1190 364 Boot.

145 431 147 435 ,
174 383 220 436 Ad
238 403 264 452 p.
277 389 367 438 1514.
390 415 425 425 -
449 389 483 437 33
493 401 533 451 sq.
558 390 584 438 et
600 384 709 452 qnidam
726 399 768 438 55
785 385 821 451 (et
839 382 903 437 add.
918 382 1105 452 Wesenberg)
1124 398 1192 435 mea

174 471 260 509 canoa
283 456 373 521 faeere
395 461 421 510 et
441 456 483 508 rei
503 471 547 522 p,
569 461 606 508 nt
623 454 732 520 Baiter,
755 452 944 522 Wesenberg,
967 460 993 508 et
1015 454 1126 522 ratam
1148 468 1192 505 me

175 527 244 593 (mea
262 524 316 594 Μ’)
338 542 424 580 cansa
445 527 534 592 facere
556 531 582 579 et
603 525 645 579 rei
662 541 692 592 p.
707 525 762 578 cni
783 523 826 590 M,
850 530 875 578 et
896 524 1006 593 555155
1023 540 1084 578 mea
1105 539 1192 578 55555

174 597 264 662 facere
285 602 311 650 et
332 598 373 650 rei
391 613 436 664 p,
460 596 518 664 qni
534 595 608 648 Boot
630 595 716 649 coni:
744 611 792 648 me
813 595 922 663 paridem
942 611 1001 648 non
1022 611 1084 649 mea
1106 609 1192 648 55555

174 667 271 732 facere,
290 666 338 720 sed
357 666 399 720 rer*
417 683 458 734 p,
482 666 542 734 qni,
567 666 598 717 in
620 681 676 732 quc
695 681 751 717 non
770 664 903 734 displicet
921 681 979 718 non
1002 695 1038 704 -—
1059 664 1116 730 aed,
1137 664 1191 716 dis·

193 735 263 788 licet
280 739 309 789 et
327 737 408 806 idque
426 737 455 789 ct
472 753 514 790 mc
527 737 635 804 quedem
649 737 678 788 ct
691 737 746 804 qni.
774 735 850 788 Illud
864 737 972 788 certum
983 735 1057 787 mihi
1070 735 1191 796 videtur,

199 806 337 860 ‘ceronam
358 822 414 860 non
437 805 584 875 scripsisse
605 823 647 860 me
669 823 737 860 mea
759 822 845 860 cansa
867 808 897 859 et
914 806 961 860 eni
978 805 1009 858 in
1027 805 1058 857 II
1074 806 1191 875 propter
1227 813 1228 858 l

175 893 231 944 seq.
260 878 272 930 i
295 876 404 929 factum
430 892 491 930 essa
514 891 549 928 ex
570 883 613 943 nt,
641 892 728 945 prope
751 879 859 929 certum
875 875 1058 930 intolerabile
1081 891 1144 929 esse
1168 881 1191 928 et
1227 861 1228 918 l

174 948 361 1016 5551551155
374 946 561 1016 improbabile
574 962 668 999 verum
684 962 745 1000 csse
759 953 784 1000 et
796 947 868 1013 fidei.
899 947 1015 1016 Qna'dem
1029 949 1191 1015 ecnuptum

179 1032 241 1071 esse
256 1033 290 1070 cx
302 1018 368 1084 fidei
380 1033 437 1070 non
450 1017 609 1070 mirabilius
625 1018 669 1070 est
681 1033 768 1084 quam
781 1033 896 1085 qnorum
911 1033 1036 1071 cxcnrae
1044 1021 1188 1086 p.216.25.
1227 1027 1228 1086 l

174 1085 340 1140 0553519.
363 1093 372 1155 ΙΙ
399 1086 491 1141 51552
504 1088 570 1155 fnit
583 1089 650 1141 vett.
662 1088 734 1155 edd,
747 1087 845 1141 Balter
858 1104 914 1140 non
928 1087 1127 1156 improbabile,
1142 1086 1190 1139 sed
1227 1091 1228 1160 l

174 1173 355 1225 nequaquam
372 1159 486 1210 certum.
523 1157 557 1212 V.
573 1159 610 1210 ad
627 1176 654 1226 p.
666 1163 724 1212 106.
735 1163 760 1211 8.
793 1189 829 1198 -
864 1159 1075 1226 aappelmnas
1094 1156 1189 1220 Orelli,
1227 1171 1228 1220 3

173 1227 283 1296 Baiter,
306 1228 390 1295 Boot,
414 1229 581 1296 appellemur
598 1227 640 1294 Μ,
665 1245 728 1281 cum
751 1244 832 1282 cruce
850 1227 993 1295 Wesenb.,
1018 1229 1189 1296 appellermlr
1227 1229 1228 1290 l

173 1297 283 1364 Bosius,
298 1298 356 1352 alii.
370 1329 406 1338 -
421 1303 454 1351 10
468 1299 653 1353 interdnoere
666 1298 703 1365 M,
718 1297 850 1352 Wesenb.
865 1331 900 1339 -
913 1299 954 1352 lb.
965 1305 1188 1368 nepae-conte-
1227 1293 1228 1350 1

173 1369 328 1437 malama,
342 1387 367 1423 v.
382 1374 415 1422 21
427 1386 467 1436 sq.
486 1368 720 1423 555-515515
737 1369 867 1436 parenth.
885 1369 1028 1437 Wesenb,
1045 1369 1127 1422 Boot
1147 1369 1189 1421 Ad
1227 1389 1228 1438 r

174 1457 202 1507 p.
214 1445 304 1493 1514.
328 1471 362 1480 -
387 1445 419 1492 12
443 1440 576 1506 arbitror,
603 1456 633 1494 co
655 1440 764 1494 nomme
786 1441 859 1509 qaod
880 1439 1012 1494 Wesenb.
1037 1471 1073 1480 -
1098 1446 1132 1492 16
1155 1441 1189 1492 a't

174 1510 247 1564 Boot
265 1510 307 1563 cd.
327 1510 353 1562 Π
371 1510 431 1562 sine
450 1509 536 1562 dubio
554 1510 633 1563 invit.
652 1541 688 1550 -
708 1514 741 1562 18
760 1509 795 1564 ἐν
813 1508 1061 1576 55155551055111,
1084 1510 1186 1564 Baiter.

174 1611 210 1620 -
230 1586 262 1634 19
280 1582 400 1650 5555555
418 1579 502 1646 Βοο5,
520 1581 658 1634 mnltnm
673 1587 760 1648 potest
777 1587 806 1634 et
823 1582 855 1634 in
868 1564 1028 1649 promenda
1046 1580 1186 1646 Wesenb,

173 1657 259 1720 potest
277 1651 347 1720 (scil.
366 1651 518 1720 retundere)
532 1657 557 1705 et
569 1651 634 1704 inl.
646 1649 926 1718 Fr.(}roncv.,potest
939 1653 970 1705 15
1018 1654 1187 1706 5555555-
1227 1679 1228 1716 r

173 1722 496 1777 retnnolereAntonmm
506 1721 576 1775 coni
585 1719 681 1788 Orelli,
689 1721 874 1789 prodestetr'n
879 1737 969 1790 proca
999 1721 1186 1776 cheHa‘Fest
1227 1739 1228 1794 p

175 1791 285 1846 sohrift’
306 1792 404 1846 Dresd.
417 1796 486 1845 1897
500 1809 527 1860 p.
544 1796 631 1858 158n3
652 1807 705 1859 pro
722 1809 775 1846 sna
784 1799 882 1859 parte?
896 1823 931 1832 -
945 1797 979 1844 35
992 1793 1043 1846 555
1056 1791 1185 1845 Wesenb.
1227 1803 1228 1860 l

174 1862 220 1915 Ad
228 1868 326 1931 p.12.6
358 1865 368 1932 ll
399 1863 434 1916 P.
445 1859 537 1916 514.1
554 1861 721 1930 στρατύλλαξ
735 1862 807 1929 edd,
823 1863 964 1916 stratellam
979 1866 1031 1917 555
1041 1865 1187 1933 5555551155
1227 1887 1228 1946 p

175 1932 254 1986 codd.
270 1933 375 2001 (Irchm
390 1932 449 1986 Att.
460 1951 486 2000 p.
494 1934 546 2001 38).
562 1963 597 1972 -
611 1938 627 1984 2
641 1933 817 1986 ematmaotr
831 1933 893 1986 edd.
908 1935 1022 2001 praeter
1034 1933 1185 1986 Baiterum.
1227 1953 1228 2010 3

174 2002 219 2055 Ad
237 2002 406 2057 15552727.
425 2033 460 2042 -
479 2007 495 2055 5
510 2003 617 2070 priores
634 2033 669 2042 —
687 2004 839 2057 uberrimae
858 2002 888 2055 in
906 2004 1035 2072 parcnth.
1055 2003 1185 2058 Wesenb.
1227 2013 1228 2068 l

174 2073 220 2124 Ad
232 2091 260 2141 p.
272 2078 363 2126 1614.
378 2104 413 2111 -
430 2072 470 2125 Ι5.
490 2074 595 2127 litterae
613 2089 666 2126 om.
680 2073 759 2126 Boot.
782 2104 817 2113 -
840 2078 926 2126 9-12
940 2089 998 2128 non
1015 2091 1070 2143 qno
1088 2105 1124 2115 -
1142 2092 1186 2128 oa·
1227 2075 1228 2136 i

175 2144 249 2196 leant
266 2143 296 2194 in
314 2142 443 2210 parenth.
462 2143 567 2210 Baiter,
581 2144 661 2197 Boot.
683 2143 729 2196 Ad
741 2149 867 2212 p.16.14.
882 2175 917 2184 -
933 2149 965 2197 13
980 2143 1143 2199 11555115οὲ
1161 2147 1187 2197 55
1227 2177 1228 2218 ,

176 2218 209 2266 15
235 2213 390 2266 Terentiam
412 2212 495 2267 dico?
518 2214 581 2267 cdd.
612 2213 645 2266 V.
666 2214 702 2266 ad
721 2213 789 2267 Sull.
808 2232 835 2283 p.
844 2219 942 2281 365.5,
971 2214 1042 2268 Sest
1057 2233 1085 2285 p.
1094 2221 1137 2268 24.
1147 2220 1185 2278 16,
1227 2221 1228 2278 l

173 2282 375 2337 Friedlaender
392 2283 448 2336 Iuv¹
465 2288 488 2336 5.
496 2289 543 2351 51,
566 2283 640 2337 infra
658 2303 685 2352 p.
701 2288 760 2337 531.
777 2289 800 2337 7.
827 2315 862 2324 -—
886 2289 918 2338 15
940 2285 1091 2340 Terentiae
1108 2284 1187 2339 dico?
1227 2285 1228 2332 ῗ

173 2352 315 2420 Lambin,
342 2353 451 2419 Baiter,
479 2354 559 2422 Boot,
591 2354 640 2422 qui
658 2371 682 2408 v.
698 2359 732 2407 13
759 2370 871 2422 quoque
898 2371 954 2408 non
982 2355 1098 2410 dubitat
1119 2356 1186 2423 quin
1227 2381 1228 2424 3

175 2423 283 2477 ‘Cicero
301 2425 378 2476 recte
397 2424 558 2492 scripsisset
574 2441 626 2479 rea
643 2426 717 2491 dion
736 2425 786 2478 sed
804 2425 982 2479 accusativus
999 2425 1044 2478 ibi
1057 2426 1094 2478 ad
1106 2442 1186 2494 prae·
1227 2441 1228 2450 ³

174 2495 322 2548 cedentem
340 2494 545 2548 nominativum
562 2495 669 2548 relatus
687 2494 780 2548 minus
795 2495 957 2549 offensionis
970 2495 1087 2564 habeat,
1102 2513 1186 2564 quam
1227 2495 1228 2530 ³

172 2564 221 2618 hic
239 2564 426 2633 praecedento
445 2565 563 2618 dativo’.
595 2564 629 2619 V.
648 2565 740 2618 Flacc.
755 2570 822 2619 513
849 2566 904 2636 Qui
920 2567 1081 2622 comitatus!
1099 2567 1185 2621 Garm-

174 2641 262 2688 tatum
280 2635 349 2701 dico,
368 2634 429 2704 Lig.
444 2641 512 2688 926
534 2635 609 2704 Quae
627 2636 683 2701 fnit
701 2635 875 2690 constantia?
911 2637 1101 2692 Constantiam
1117 2639 1185 2704 dieo,
1227 2659 1228 2686 1

174 2704 381 2772 55511551,
400 2704 597 2773 11155551,
617 2705 679 2759 555.
697 2711 827 2760 suasus
843 2709 894 2760 555.
914 2739 949 2748 -
968 2712 1001 2761 11
1014 2709 1140 2778 pateras
1158 2715 1187 2762 m

173 2775 353 2844 vulg.-Ib.
368 2781 400 2830 nt
416 2776 470 2842 fide
482 2792 535 2830 555
549 2775 577 2842 Ζ,
596 2776 701 2843 Baiter,
720 2776 861 2842 Wesenb,
880 2777 1187 2846 condemnatura
1227 2779 1228 2844 i

175 2845 225 2898 alii
244 2845 334 2912 codd,
348 2851 380 2900 nt
392 2846 457 2900 inde
470 2847 554 2916 (nida)
568 2863 621 2900 sna
634 2846 664 2898 M
677 2847 782 2914 (Lehm.
796 2846 856 2900 Att.
862 2865 888 2916 p.
896 2852 937 2914 95,
945 2851 1015 2917 153),
1036 2851 1080 2903 nti
1092 2849 1125 2903 de
1139 2866 1186 2904 555
1227 2851 1228 2908 ἶ

173 2913 1186 2988 1155555555.-19555555555Β5155τ,ποπ5551555515555555515,
1227 2923 1228 2984 ,

173 3001 231 3039 non
248 2987 326 3040 modo
344 3003 483 3040 rasuram
500 2988 598 3053 faeere,
611 2988 657 3041 aed
670 2989 843 3056 lniqniosmno
858 2989 950 3054 fenore
963 2987 1040 3056 Pius,
1055 2988 1185 3043 Wesenb.

173 3055 284 3109 Incerta
303 3056 405 3123 omnia,
425 3072 498 3124 quae
516 3056 607 3110 multa
625 3058 780 3126 excogItari
798 3061 924 3126 possunt.
948 3089 984 3098 —-
1004 3065 1038 3112 23
1051 3060 1185 3129 55511511,
1227 3063 1228 3136 ,

173 3127 328 3194 antoanam
354 3127 433 3180 Boot.
479 3126 547 3181 Post
573 3128 705 3197 mtellepr't
731 3128 790 3181 5515
812 3129 882 3195 quid
904 3129 1083 3183 intercidisse
1104 3133 1185 3199 puto:
1227 3167 1228 3194 2

173 3198 223 3266 qni
239 3213 267 3250 55
284 3213 342 3250 non
355 3197 494 3266 intellepit.
514 3229 549 3238 —
568 3203 602 3250 29
616 3197 737 3266 Magnus
753 3201 796 3252 est
809 3215 940 3252 numeru·
956 3201 1185 3268 coniecturarum

173 3265 253 3319 nulla
280 3283 343 3319 mea
371 3267 486 3334 quidem
509 3267 651 3321 sententia
674 3268 761 3323 utilis.
803 3267 936 3323 Wesenb.
963 3271 1034 3324 coni.
1057 3273 1185 3326 eorrtendo

174 3339 224 3390 aut
242 3337 372 3391 contende
390 3340 440 3391 aut
458 3340 596 3393 consentio
613 3339 676 3405 tibi,
695 3339 768 3392 Boot
787 3339 914 3394 Consenti
931 3341 964 3393 ln
981 3342 1033 3396 bar
1051 3359 1119 3396 555
1134 3359 1184 3396 me·
1227 3379 1228 3396 l

173 3424 234 3461 cam
260 3407 347 3474 idque
374 3407 419 3460 vel
446 3407 477 3460 in
504 3410 585 3462 textu
605 3408 713 3476 posuit,
733 3410 783 3462 sed
801 3409 904 3464 Mnem.
921 3416 989 3463 1893
1003 3428 1031 3480 p.
1048 3417 1097 3464 121
1118 3412 1184 3466 (lom
1227 3409 1228 3478 j

172 3479 251 3532 tende
272 3479 304 3531 r'n
321 3479 373 3533 555
390 3494 458 3532 nna
476 3495 591 3548 mecum,
614 3479 730 3547 Madvig
747 3479 817 3534 Adv.
831 3480 870 3533 III
888 3499 915 3550 p.
932 3486 982 3535 192
1003 3482 1184 3537 Caesenatia
1227 3547 1228 3550 ,
