2568 3888
251 160 514 216 EPISTULARUM
532 161 582 214 AD
601 160 766 216 ATTICUM
783 161 809 214 H
829 168 871 230 21,
891 168 933 216 22.
1061 163 1104 226 69

66 305 244 369 neminem
276 302 428 390 testem),
459 304 664 369 vehementer
697 305 777 389 egit,
814 327 887 370 eum
919 306 1038 370 dioeret
1069 308 1105 370 in

68 415 206 457 summa
230 415 267 457 se
289 393 443 476 perfidiae
473 397 505 457 et
535 393 663 457 sceleris
694 393 828 458 infamia
855 393 939 476 fore,
969 394 997 458 si
1022 394 1105 459 mihi

68 482 264 565 perieulum
286 484 448 546 crearetur
471 481 511 546 ab
535 502 588 567 eo,
615 503 710 564 quem
737 481 806 564 ipse
834 486 1003 568 armasset,
1031 504 1104 546 eum

68 569 247 653 plebeium
276 570 348 633 fieri
377 591 491 653 passus
522 573 614 634 esset.
659 568 772 633 Fidem
802 569 961 654 recepisse
984 570 1048 634 sibi
1072 575 1105 634 et

39 659 189 741 sipsum
221 661 255 721 et
274 656 418 741 Appium
446 657 485 721 de
511 679 572 723 me.
617 657 710 721 Hane
734 658 763 721 si
785 657 841 721 ille
863 678 930 723 non
954 663 1104 743 servaret,

69 746 123 810 ita
145 746 306 830 laturum,
328 750 366 808 ut
390 767 499 810 omnes
517 745 743 830 intellegerent
756 745 840 810 nihil
859 746 923 811 sibi
937 747 1103 830 antiquius

71 834 228 898 amicitia
258 837 370 898 nostra
399 834 508 899 fuisse.
561 833 649 898 Haeo
679 838 710 898 et
740 835 775 898 in
810 855 880 898 eam
910 835 1104 899 sententiam

70 945 152 987 eum
176 922 285 986 multa
306 922 449 1006 dixisset,
472 921 579 986 aiebat
597 922 691 985 illum
708 922 812 1005 primo
832 943 909 986 sane
928 923 982 986 diu
1000 923 1104 988 multa

71 1015 210 1096 eontra,
241 1011 282 1074 ad
312 1014 491 1074 extremum
521 1013 629 1074 autern
658 1032 772 1074 manus
801 1010 927 1075 dedisse
955 1015 987 1075 et
1010 1013 1103 1075 adfir-

32 1121 188 1164 ramasse
210 1098 296 1162 nihil
319 1120 354 1162 se
376 1102 489 1163 eontra
517 1098 585 1162 eius
608 1099 810 1162 voluntatem
837 1120 907 1163 esse
933 1100 1102 1164 facturum.

72 1187 143 1252 Sed
167 1191 284 1271 postea
306 1190 416 1251 tamen
438 1187 494 1250 ille
516 1208 582 1251 non
602 1186 726 1250 destitit
750 1187 788 1250 de
810 1187 905 1251 nobis
929 1189 1103 1272 asperrime

71 1276 183 1360 loqui.
231 1273 353 1350 Quodsi
375 1296 442 1339 non
461 1274 589 1358 faceret,
611 1279 721 1338 tamen
744 1275 773 1337 ei
795 1274 879 1338 nihil
902 1277 1102 1340 crederemus

73 1368 183 1447 atque
207 1363 325 1449 omnia,
348 1362 432 1426 siout
453 1363 598 1446 facimus,
620 1385 814 1446 pararemus.
1124 1367 1126 1372 ’

147 1449 248 1515 Nune
260 1451 307 1514 ita
325 1472 392 1514 nos
404 1451 555 1535 gerimus,
577 1454 615 1513 ut
632 1451 667 1514 in
686 1451 753 1515 dies
773 1452 919 1536 singulos
943 1457 975 1515 et
994 1453 1137 1517 studies

35 1566 59 1606 15
73 1541 114 1604 in
131 1561 197 1603 nos
216 1539 385 1603 hominum
404 1542 435 1602 et
455 1561 531 1622 opes
550 1542 680 1603 nostrae
699 1544 890 1626 augeantur,
910 1561 979 1604 rem
997 1541 1102 1623 publi—

74 1649 152 1692 eam
176 1627 268 1690 nulla
292 1649 330 1690 ex
353 1630 444 1710 parte
467 1626 669 1711 attingimus,
691 1627 726 1690 in
750 1628 854 1691 causis
874 1631 971 1709 atque
993 1629 1027 1691 in
1045 1628 1103 1692 illa

75 1737 182 1799 opera
204 1719 319 1779 nostra
341 1715 463 1779 forensi
486 1737 612 1779 summa
634 1715 794 1779 industria
813 1737 991 1799 versamur,
1016 1717 1102 1798 quod

77 1803 213 1888 egregie
235 1825 303 1867 non
331 1804 426 1867 modo
454 1803 508 1886 iis,
536 1803 593 1886 qui
619 1807 757 1867 utuntur
785 1825 894 1886 opera,
923 1804 978 1866 sed
1006 1803 1103 1867 etiam

76 1892 116 1956 in
145 1891 266 1976 vulgus
296 1895 426 1975 gratum
455 1912 524 1955 esse
550 1891 714 1955 sentimus.
760 1890 884 1955 Domus
915 1891 1103 1976 celebratur,

40 2007 64 2046 ao
78 1980 275 2063 occurritur,
293 1982 467 2043 renovatur
485 1979 640 2043 memoria
658 1980 855 2062 consulatus,
879 1979 987 2043 studia
1006 1980 1104 2064 signi-

77 2069 236 2153 ficantur,
259 2067 295 2131 in
318 2089 387 2130 eam
410 2088 500 2150 spem
522 2067 718 2151 adducimur,
740 2071 777 2131 ut
795 2067 891 2131 nobis
915 2090 952 2131 aa
975 2073 1104 2133 eonten-

78 2157 145 2240 tio,
177 2176 259 2239 quae
288 2155 465 2240 impendet,
495 2155 658 2219 interdum
684 2177 751 2219 non
773 2155 925 2240 fugienda
947 2157 1103 2222 videatur.

149 2242 248 2307 Nune
270 2243 352 2306 mihi
374 2247 406 2307 et
429 2243 574 2308 consiliis
598 2265 679 2326 opus
708 2247 757 2307 est
785 2243 851 2307 tuis
880 2248 912 2308 et
941 2267 1049 2308 amore
1072 2250 1140 2309 etr

79 2333 155 2396 fido.
202 2329 307 2406 Quare
330 2331 453 2396 advola.
497 2331 658 2414 Expedita
687 2331 769 2395 mihi
798 2337 893 2396 erunt
923 2334 1044 2416 omnia,
1076 2333 1105 2397 si

43 2446 65 2488 a
80 2425 115 2484 te
138 2419 277 2484 habebo.
314 2419 420 2483 Multa
443 2441 500 2503 per
517 2419 699 2522 Varronem
716 2423 866 2484 nostrum
885 2421 939 2522 agi
957 2425 1104 2521 possunt,

81 2529 170 2680 2122ss
189 2511 501 2680 lullffdgnlltssl
514 2508 682 2680 diffidi
699 2507 1106 2681 lllllltldtlt

81 2688 189 2771 erunt,
211 2684 315 2748 multa
338 2685 437 2748 etiam
452 2721 495 2730 -
511 2681 567 2748 sed
589 2684 765 2748 absurdum
788 2688 837 2749 est
862 2685 990 2769 singula
1008 2687 1106 2769 expli-

81 2794 170 2860 oare,
200 2794 274 2837 eum
304 2793 363 2857 ego
393 2772 556 2856 requiram
585 2775 618 2836 te
648 2773 688 2836 ad
719 2773 834 2837 omnia.
884 2772 995 2838 Unum
1023 2774 1141 2837 illudo

46 2887 68 2926 ro
82 2861 146 2925 tibi
168 2861 364 2944 persuadeas
385 2861 493 2944 velim,
517 2860 625 2925 omnia
642 2860 724 2924 mihi
747 2861 817 2925 fore
836 2862 1003 2944 explicata,
1026 2863 1055 2925 si
1072 2866 1106 2926 te

80 2949 208 3033 vider03
233 2949 290 3012 sed
311 2952 419 3012 totum
443 2949 550 3012 estin
573 2969 624 3033 eo,
653 2949 681 3012 si
704 2953 792 3033 ante,
822 2971 919 3034 quam
940 2949 997 3013 ille
1018 2950 1107 3014 ineat

81 3035 669 3209 ltilfrlilnlalllilrflldll't
690 3036 1107 3209 ltlllgllgiltalqlt

82 3214 147 3278 fide
169 3213 211 3277 ab
235 3213 302 3277 illis
326 3217 455 3298 agatur,
485 3234 544 3277 nos
576 3217 632 3277 aut
662 3213 732 3278 sine
761 3213 912 3277 molestia
942 3218 998 3277 aut
1022 3218 1107 3278 certe

15 3367 17 3384 ,
46 3327 69 3368 a
83 3303 153 3368 sine
177 3322 287 3366 errore
309 3301 446 3365 futuros.
492 3300 646 3366 Precibus
673 3301 795 3366 nostris
824 3305 856 3365 et
884 3300 1107 3365 cohortatione

15 3385 17 3390 ’
83 3413 151 3455 non
167 3390 311 3474 indiges,
335 3390 412 3473 quid
430 3410 502 3453 mea
520 3390 680 3473 voluntas,
704 3389 783 3472 quid
801 3393 939 3472 tempus,
963 3390 1041 3473 quid
1059 3389 1107 3452 rei

83 3479 276 3564 magnitudo
299 3477 454 3561 postulet,
476 3477 648 3562 intellegis.
