2564 3880
304 169 563 224 EPISTULARUM
581 169 631 224 AD
650 169 815 226 ATTIOUM
833 171 884 226 XV
903 178 928 240 2,
948 179 972 227 3.
1080 172 1144 236 467

126 312 287 396 morbum,
315 312 396 377 bene
420 317 528 377 aetum
551 335 624 376 cum
647 313 705 376 illo
730 313 880 378 arbitror.
927 312 1014 388 Quos
1038 318 1149 380 tamen

128 400 284 465 secundos
307 401 449 486 heredes,
473 401 553 465 scire
577 401 675 465 velim
698 405 731 465 et
753 401 838 466 diem
860 402 1056 466 testamenti.

609 540 658 606 HI

290 643 347 699 Sor.
362 647 395 699 in
411 643 548 714 Arpinati
566 645 619 699 XI
633 594 699 698 Kal.
719 644 784 698 Ina.
800 662 826 699 o.
842 648 897 699 710
917 646 985 713 (44).

99 742 112 781 5
432 731 578 788 CICERO
596 731 744 787 ATTICO
762 732 846 788 SAL.

195 838 372 905 Undecimo
402 839 473 904 Kal.
500 841 607 924 accepi
637 842 674 905 in
701 841 856 923 Arpinati
885 839 964 904 duas
991 840 1182 923 epistulasr

127 932 212 1011 tuas,
226 928 344 1010 quibus
359 928 484 992 duabus
502 929 583 993 meis
602 929 807 1012 respondisti.
831 927 905 992 Una
924 932 993 992 erat
1007 946 1055 992 xv
1065 928 1147 1013 Kal,

128 1016 230 1080 altera
248 1033 299 1079 ΧΠ
317 1017 401 1081 data.
437 1015 491 1080 Ad
509 1017 707 1099 superiorem
730 1018 832 1101 igitur
850 1017 948 1099 prius.
989 1016 1147 1081 Accurres

126 1105 164 1168 in
185 1104 417 1189 Tusculanum,
440 1107 478 1168 ut
500 1105 628 1190 scribis3
658 1126 722 1188 quo
745 1126 798 1168 mo
820 1122 858 1168 VI
880 1103 951 1169 Kal.
975 1108 1147 1169 venturum

86 1202 114 1240 1⁰
127 1192 319 1257 arbitrabar.
373 1191 465 1267 Quod
494 1193 609 1256 scribis
642 1193 819 1276 parendum
856 1187 1047 1277 victoribus,
1079 1215 1148 1258 non

127 1280 210 1345 mihi
233 1279 371 1364 quidem,
395 1281 447 1346 cui
470 1284 546 1344 sunt
569 1281 673 1344 multa
695 1281 831 1364 potiora
877 1280 960 1345 Nam
985 1281 1042 1344 illa
1066 1302 1147 1365 quae

127 1368 306 1432 recordaris
325 1367 465 1432 Lentulo
488 1372 520 1432 et
538 1367 691 1432 Marcello
714 1368 901 1432 consulibus
925 1371 997 1433 acta
1014 1369 1050 1432 in
1072 1369 1148 1433 aede

127 1455 307 1541 Apollinis,
343 1477 401 1521 nec
433 1478 529 1522 causa
561 1457 670 1520 eadem
703 1460 751 1520 est
783 1477 841 1520 neo
874 1457 979 1521 simile
1010 1459 1148 1541 tempus,

128 1545 319 1627 praesertim
346 1566 419 1608 cum
443 1543 632 1608 Marcellum
660 1545 782 1608 scribas
806 1544 950 1627 aliosque
978 1543 1147 1610 discedere.

88 1643 114 1682 1⁵
127 1632 204 1697 Erit
226 1633 328 1718 igitur
350 1632 446 1696 nobis
469 1654 577 1696 coram
601 1633 799 1697 odorandum
823 1635 855 1696 et
878 1632 1149 1718 constituendum,

128 1725 243 1785 tutone
272 1719 395 1784 Romae
427 1741 496 1784 esse
527 1721 698 1804 possimus
744 1718 831 1784 Novi
859 1723 1036 1784 conventus
1058 1719 1148 1784 habi·

128 1813 251 1873 tatores
274 1829 350 1873 sane
373 1812 517 1892 morent3
540 1809 575 1872 iu
596 1808 724 1892 magnis
753 1808 838 1872 enim
861 1828 1027 1872 versamur
1050 1829 1148 1893 angu-

129 1897 211 1961 stiis.
258 1895 320 1960 Sed
347 1900 423 1961 sunt
455 1897 520 1960 ista
549 1897 654 1981 parvi,
684 1896 764 1978 quin
786 1895 837 1960 rol
859 1896 981 1960 maiora
1008 1900 1149 1960 oontem-

127 1985 244 2050 nimus.
291 1983 408 2049 Oelvae
434 1988 665 2048 testamentum
694 1985 847 2070 cognovi,
868 1983 1010 2048 hominis
1041 1985 1148 2067 turpis

88 2085 114 2123 2⁰
129 2095 166 2137 ac
197 2072 327 2138 sordidi.
382 2072 509 2136 Tabula
540 2070 711 2136 Demonioi
748 2072 836 2155 quod
867 2071 929 2135 tibi
962 2092 1057 2136 curae
1089 2076 1148 2156 est,

127 2165 266 2246 gratum
311 2159 362 2224 Do
383 2161 507 2245 †malo
524 2161 638 2243 scripsi
657 2160 723 2224 iam
742 2159 866 2243 pridem
885 2159 925 2222 ad
943 2157 1148 2223 Dolabellam

128 2249 376 2333 accuratissime,
398 2248 493 2312 modo
512 2249 654 2312 redditae
677 2248 806 2312 litterae
825 2248 900 2311 sint.
945 2246 1027 2311 Eius
1052 2269 1148 2311 causa

128 2343 161 2403 et
183 2337 278 2420 cupio
303 2339 335 2400 et
357 2336 466 2401 debeo.

194 2424 299 2490 Venio
323 2423 363 2488 ad
385 2424 577 2508 propiorem.
624 2422 771 2508 Cognovi
801 2423 840 2486 de
862 2421 1034 2507 Alexione,
1066 2439 1184 2506 quaen

87 2528 112 2566 2⁵
128 2513 357 2578 desiderabam.
402 2511 532 2576 Hirtius
559 2515 609 2576 est
639 2515 724 2576 tuus.
770 2508 929 2593 Antonio,
952 2511 1147 2594 †quoniam

127 2606 187 2686 est,
209 2601 284 2665 volo
307 2600 399 2685 peius
426 2621 504 2664 esse.
549 2598 599 2664 De
627 2598 747 2675 Quinto
774 2599 856 2682 filio,
888 2601 926 2661 nt
954 2599 1083 2682 scribis,
1105 2597 1145 2663 Α.

126 2689 171 2755 Μ.
190 2687 225 2754 O.
265 2688 316 2752 Do
333 2692 425 2771 patre
444 2710 553 2753 coram
572 2709 713 2774 agemus.
754 2687 893 2751 Brutum
913 2686 1000 2750 omni
1018 2709 1063 2772 re,
1082 2709 1147 2770 qua

126 2799 274 2863 possum,
297 2777 391 2860 cupio
414 2777 532 2840 iuvare.
579 2774 679 2840 (luins
709 2775 747 2838 de
777 2773 978 2839 oratiuncula
1004 2775 1089 2838 idem
1113 2777 1146 2839 tc

127 2866 216 2950 quod
238 2886 290 2928 me
313 2865 432 2930 sentire
450 2864 551 2928 video.
597 2861 660 2928 Sed
677 2885 793 2946 parum
809 2863 974 2947 intellego,
998 2863 1076 2945 quid
1094 2882 1146 2925 me

87 2977 114 3017 ao
127 2954 209 3020 velis
243 2953 381 3018 scribere
411 2953 504 3037 quasi
537 2974 556 3015 a
591 2951 695 3016 Bruto
728 2951 841 3016 habita
873 2951 1033 3034 oratione,
1072 2971 1146 3015 cum

127 3043 182 3106 ille
215 3041 357 3106 ediderit.
412 3040 474 3116 Qui
505 3039 636 3104 tandem
670 3039 842 3104 convenit?
888 3061 930 3102 an
967 3038 1013 3102 sic
1042 3041 1080 3101 ut
1110 3038 1145 3101 in

127 3135 302 3214 tyrannum
324 3129 394 3194 iure
413 3129 537 3211 optimo
557 3129 707 3192 caesum?
738 3127 844 3191 Multa
863 3126 1017 3209 dicentur,
1040 3125 1145 3189 multa

128 3218 310 3283 scribentur
337 3217 490 3301 anobis,
523 3216 578 3279 secl
605 3216 669 3280 alio
701 3215 797 3278 modo
827 3218 859 3278 ct
891 3218 1043 3296 tempore.
1094 3212 1145 3276 De

127 3306 207 3371 sella
235 3304 381 3370 Caesaris
408 3303 489 3368 beno
516 3304 653 3388 tribuni3
680 3303 861 3386 praeclaros
890 3303 988 3366 ctiam
1009 3318 1071 3364 xiv
1095 3322 1145 3364 or-

87 3394 232 3460 ordines!
281 3392 421 3457 Brutum
458 3391 543 3475 apud
581 3413 633 3456 me
669 3391 769 3455 fuisso
805 3389 943 3474 gaudeo,
979 3388 1075 3453 modo
1113 3392 1147 3452 et

127 3483 267 3547 libenter
289 3481 388 3545 fuerit
410 3484 443 3546 et
466 3484 517 3545 sat
540 3480 603 3544 diu.

930 3577 984 3634 30*
