2586 3886
275 155 537 212 EPISTULARUM
554 155 604 210 AD
623 154 788 210 ATTIOUM
806 155 832 210 V
851 162 947 211 8-10.
1054 157 1118 221 131

88 302 245 368 accedere
280 301 349 365 sine
380 299 619 384 impedimentis
650 321 718 364 non
750 301 830 365 satis
857 301 963 365 visum
991 304 1040 364 est
1069 300 1121 365 de

90 413 217 456 corum.
265 389 354 474 Ego,
383 393 421 453 ut
444 411 538 472 saepe
561 392 599 452 tu
621 410 674 452 me
697 392 878 453 currentem
901 389 1051 453 hortatus
1076 411 1120 472 es,

90 479 216 544 cotidie
248 479 401 560 meditor,
430 477 593 562 praecipio
624 477 719 562 meis,
751 478 868 541 faciam
900 476 1050 562 denique,
1082 482 1122 541 ut
1255 513 1258 518 ·

93 589 226 631 summa
262 565 422 630 modestia
455 569 487 629 et
520 587 645 629 summa
677 565 876 629 abstinentia
907 587 1025 629 munus
1056 565 1120 629 hoc

65 653 393 722 sextraordinarium
420 653 634 718 traducamus.
679 651 821 718 Parthus
844 653 941 719 velim
965 653 1119 738 quiescat,
1155 683 1159 718 ι

94 751 128 808 11
154 744 291 808 fortuna
312 764 373 807 101
396 742 495 826 iuret,
517 746 631 806 nostra
653 742 899 824 praestabimus.

165 831 228 917 Tu,
249 852 378 917 quaeso,
397 830 475 915 quid
495 850 582 915 agas,
600 829 659 893 ubi
678 851 806 914 quoque
824 833 970 914 tempore
988 830 1155 895 futurusa

95 921 162 1006 sis,
192 921 303 1003 quales
332 940 384 983 res
406 923 536 983 nostras
559 915 682 982 Romae
708 919 892 1002 reliqueris,
916 919 1055 983 maxime
1081 918 1119 982 de

96 1023 152 1072 xx
180 1010 327 1072 et‘-
236 1023 327 1072 Dccc
355 1029 431 1071 cura
457 1010 494 1071 ut
518 1006 665 1071 sciemus.
715 1004 753 1071 Id
776 1007 849 1071 unis
874 1007 1045 1092 diligenter
1066 1007 1119 1071 lit-

56 1122 82 1160 ιο
95 1095 180 1160 teris
201 1095 294 1178 datis,
318 1116 399 1179 quae
417 1095 458 1159 ad
476 1117 527 1159 me
545 1098 583 1158 ut
585 1095 659 1179 ique
678 1095 892 1178 perferantur,
915 1117 1119 1247 consequere.

94 1183 224 1249 Illudt
210 1186 333 1267 tamen,
362 1183 516 1267 quoniam
538 1204 624 1247 nunc
648 1183 732 1265 abes,
761 1205 834 1248 cum
856 1183 890 1247 id
911 1205 979 1249 non
1002 1184 1120 1269 agitur,

96 1271 205 1337 aderis
233 1274 342 1337 eutem
369 1271 409 1335 ad
432 1275 574 1354 tempus,
602 1274 640 1335 ut
662 1233 744 1335 mih'i
765 1272 931 1358 recepisti,
956 1275 1119 1336 memento

97 1381 212 1425 curare
243 1382 300 1444 per
332 1364 365 1423 te
332 1363 430 1423 tet
458 1381 516 1444 per
544 1381 654 1424 omnes
681 1365 826 1439 nostros,
858 1360 894 1423 in
920 1361 1035 1443 primis
1062 1383 1120 1444 per

97 1448 329 1530 Hortensium,
360 1450 398 1512 ut
431 1469 534 1512 annus
561 1451 674 1512 noster
699 1409 828 1512 maneat
856 1469 959 1512 suos
944 1451 1046 1534 s,tatu
1077 1471 1120 1513 ne

58 1561 84 1602 15
99 1537 179 1621 quid
197 1536 275 1602 noui
293 1537 491 1602 decernatur.
526 1534 599 1600 Hoc
616 1536 679 1600 tibi
697 1537 744 1600 111
762 1534 929 1618 mand0,u
930 1500 1056 1601 tdubit
1042 1541 1119 1620 tem,

97 1647 142 1690 an
169 1625 268 1690 etiam
294 1629 328 1689 te
349 1645 475 1710 rogem,
503 1629 540 1688 ut
563 1645 703 1710 pugnes,
728 1645 770 1689 ne
792 1624 1010 1689 intercaletur.
1056 1622 1120 1689 Sed

96 1735 167 1778 non
190 1712 291 1777 audeo
314 1713 378 1777 tibi
401 1712 511 1777 omnia
529 1733 627 1778 onera
645 1713 826 1797 imponere,
849 1733 970 1776 annum
989 1711 1119 1795 quidem

97 1802 213 1885 utique
236 1805 355 1868 teneto,

167 1889 280 1956 (licere
308 1911 414 1975 meus,
441 1886 702 1954 modestissimus
731 1892 764 1955 et
796 1887 1008 1953 suavissimus
1030 1905 1156 1972 puer,e

60 2004 85 2044 ao
98 1978 162 2042 tibi
194 1979 334 2042 salutem
365 1978 452 2043 dicit.
503 1976 699 2061 Dionysium
732 1999 858 2061 semper
890 1976 1052 2061 equidem,
1082 1979 1120 2040 ut

99 2067 178 2149 scis,
208 2066 319 2150 dilexi,
348 2065 404 2130 sed
435 2066 552 2132 cotidie
575 2065 678 2150 pluris
700 2066 798 2149 facio,
826 2068 859 2130 et
880 2063 1062 2130 mehercule
1084 2064 1120 2128 in

98 2154 214 2239 primis
247 2155 335 2238 quod
365 2157 400 2218 te
431 2157 520 2219 amat
550 2176 610 2219 nec
640 2154 691 2219 tui
719 2154 917 2218 mentionem
943 2153 1119 2218 intermitti

99 2243 189 2309 sinit.

587 2381 628 2448 X.

61 2497 86 2538 25
223 2487 281 2544 sor.
296 2487 412 2544 Athenis
426 2488 502 2558 prist.
523 2487 561 2542 K.
577 2495 627 2542 oct
646 2487 684 2542 K.
703 2487 796 2558 Quint.
811 2505 838 2543 c.
854 2490 908 2542 703
928 2490 997 2558 (51).

423 2592 552 2648 CICERO
572 2591 704 2648 ATTICO
725 2593 799 2648 SAL.

166 2683 214 2750 Ut
242 2682 390 2749 Athenas
418 2706 445 2749 1
469 2684 547 2750 dv
574 2683 646 2748 Kal.
671 2681 848 2759 Quinctiles
874 2706 1038 2767 ueneram,
1067 2701 1155 2748 111-ι

101 2773 286 2858 spectabam
312 2773 361 2837 ibi
387 2773 454 2836 iam
482 2775 635 2856 quartum
663 2771 747 2836 diem
774 2770 985 2856 Pomptinum
1013 2792 1118 2855 neque

101 2861 139 2925 de
157 2862 226 2926 eius
246 2859 385 2926 aduentu
404 2861 484 2925 certi
503 2859 676 2945 quicquam
688 2860 856 2925 habebam.
893 2860 994 2925 Eram
1009 2864 1118 2924 autem

63 2952 117 3015 aot
118 2952 205 3052 otus,
233 2948 326 3014 crede
352 2948 448 3034 mihi,
477 2952 585 3013 tecum
613 2953 658 3099 et,
687 2970 882 3033 quamquam
906 2949 975 3014 sine
997 2947 1038 3012 iis
1060 2970 1118 3032 per

100 3059 151 3102 me
181 3038 265 3122 ipse,
297 3041 406 3102 tamen
440 3037 544 3102 acrius
575 3059 631 3102 res
632 3036 723 3120 tigiis
752 3037 819 3101 tuis
846 3036 990 3101 monitus
1018 3037 1057 3101 de
1084 3040 1117 3100 te

100 3126 299 3228 cogitabam.
339 3123 423 3201 Quid
447 3125 598 3209 quaeris?
630 3146 697 3188 non
719 3125 902 3190 mehercule
924 3125 1007 3189 alius
1029 3124 1116 3189 ullus

101 3235 204 3280 sermo
236 3213 301 3278 nisi
332 3214 371 3278 de
397 3219 439 3278 te.
490 3211 553 3278 Sed
580 3217 618 3277 tu
645 3213 684 3278 de
710 3235 759 3279 mc
785 3214 857 3298 ipso
886 3213 1010 3298 aliquid
1034 3213 1153 3277 scires

99 3303 237 3367 fortasse
263 3303 376 3366 mavis.
426 3300 516 3366 Haec
544 3305 629 3366 sunt.
674 3299 791 3367 Adhuc
818 3305 968 3385 sumptus
995 3322 1055 3365 nec
1082 3300 1118 3364 in

64 3416 87 3457 1
100 3413 150 3456 me
173 3395 230 3456 111
253 3390 393 3492 publice·
406 3394 463 3454 aut
485 3390 640 3474 privatim
663 3411 721 3454 nec
744 3391 779 3453 in
802 3411 997 3474 quemquam
1020 3387 1118 3453 comi·

100 3483 178 3545 tum.
214 3478 310 3546 Nihil
329 3478 445 3562 accipit
446 3501 486 3542 ur
504 3479 575 3564 lege
593 3476 686 3561 Iulia,
704 3477 789 3542 nihil
808 3477 848 3541 ab
867 3477 1005 3560 hospite.
980 3473 1119 3541 e·Pcr
