2568 3888
161 187 204 251 36
485 184 523 239 M.
543 185 651 240 TULLI
670 184 859 240 CICERONIS

161 327 443 394 vehementissime
470 327 593 413 gaudeo
622 327 719 410 idque
740 347 846 410 neque
869 327 989 392 amoris
1012 327 1197 391 mediocris
1277 355 1279 358 ·

162 423 194 482 et
217 416 339 502 ingenii
362 415 481 481 summi
504 437 541 480 ac
564 415 741 499 sapientiae
758 414 873 480 iudico.
911 414 981 491 Qua
999 415 1039 479 de
1057 436 1093 479 re
1114 437 1198 480 cum

162 506 203 570 ad
234 527 286 570 me
316 505 363 569 ita
396 503 553 590 suaviter,
589 504 774 588 diligenter,
807 503 951 568 officiose
958 555 966 588 ,
997 502 1197 568 humaniter

163 593 347 679 scripseris,
374 595 504 657 utnon
530 591 627 656 modo
655 595 689 656 te
714 591 842 656 hortari
870 591 1009 675 amplius
1036 613 1107 656 non
1140 591 1198 656 de

161 682 270 767 boam,
298 681 354 746 sed
379 702 422 745 ne
449 683 633 764 exspectare
661 679 791 764 quidem
818 678 876 744 abs
904 683 938 744 te
965 682 1022 743 aut
1044 679 1086 744 ab
1118 679 1197 744 ullo
1226 704 1240 744 a

161 769 293 835 homine
321 772 449 833 tantum
476 768 643 832 facilitatis
671 789 708 832 ac
729 767 987 832 mansuetudinis
1009 768 1197 851 potuerim,

161 858 245 922 nihil
273 857 354 922 duco
383 877 453 922 esse
480 856 679 920 commodius
708 877 805 939 quam
833 855 872 920 de
898 854 951 920 his
977 855 1075 920 rebus
1098 855 1197 920 nihil

162 947 227 1010 iam
260 945 399 1029 amplius
433 944 580 1009 scribere.
632 942 715 1008 Cum
743 944 862 1009 erimus
892 944 1072 1028 congressi,
1102 947 1196 1029 tum,

163 1035 191 1098 si
215 1034 294 1119 quid
315 1055 367 1098 res
390 1033 480 1118 feret,
503 1053 611 1097 coram
634 1033 801 1110 internos
823 1032 1031 1097 conferemus.

127 1141 143 1192 2
230 1121 323 1197 Quod
354 1121 394 1184 ad
424 1143 477 1186 me
508 1121 547 1185 de
579 1142 614 1184 re
644 1120 775 1203 publica
803 1120 932 1204 scribis,
963 1120 1111 1203 disputas
1152 1123 1195 1184 tu
1210 1145 1238 1185 ιο

164 1209 292 1294 quidem
320 1213 353 1273 et
381 1212 525 1273 amanter
556 1213 588 1273 et
615 1208 801 1293 prudenter,
830 1213 861 1272 et
890 1231 908 1272 a
933 1209 1013 1273 meis
1037 1208 1193 1273 consiliis

162 1298 247 1362 ratio
275 1301 332 1362 tua
358 1319 424 1362 non
453 1297 621 1382 abhorret3
653 1318 728 1360 nam
759 1317 864 1380 neque
896 1296 935 1360 de
967 1299 1054 1360 statu
1085 1297 1192 1361 nobis

161 1389 294 1450 nostrae
321 1385 490 1471 dignitatis
518 1388 567 1449 est
594 1384 803 1449 recedendum
828 1405 934 1468 neque
963 1385 1033 1449 sine
1058 1385 1191 1449 nostris
1277 1399 1279 1484 q

163 1474 266 1557 copiis
288 1474 375 1538 intra
396 1473 527 1538 alterius
545 1473 705 1556 praesidia
723 1473 922 1557 veniendum,
946 1476 978 1537 et
995 1473 1035 1559 is,
1058 1473 1097 1536 de
1117 1495 1190 1558 quo

164 1562 289 1647 scribis,
310 1562 394 1626 nihil
413 1561 513 1626 habet
536 1561 689 1647 amplum,
710 1560 794 1624 nihil
816 1560 987 1644 excelsum,
1008 1561 1093 1625 nihil
1115 1582 1189 1625 non
1205 1585 1231 1626 1⁵

163 1651 372 1715 summissum
400 1653 496 1734 atque
523 1650 687 1733 populare.
733 1647 989 1714 Verumtamen
1010 1649 1073 1712 fuit
1096 1650 1188 1714 ratio

162 1739 245 1803 mihi
275 1739 415 1804 fortasse
444 1737 484 1802 ad
515 1737 785 1822 tranquillitatem
819 1757 966 1802 meorum
997 1740 1190 1822 temporum

163 1850 230 1893 non
257 1827 396 1912 inutilis,
425 1826 480 1890 sed
509 1825 689 1889 mehercule
716 1825 763 1890 rei
786 1824 933 1908 publicae
955 1825 1059 1889 multo
1084 1825 1187 1889 etiam

163 1915 275 1980 utilior
299 1936 396 1999 quam
418 1914 499 1978 mihi
523 1914 641 1978 civium
664 1913 886 1996 improborum
909 1913 1049 1997 impetus
1072 1913 1108 1977 in
1131 1933 1189 1977 me

163 2003 309 2088 reprimi,
332 2025 404 2066 cum
426 2001 567 2066 hominis
591 2001 790 2084 amplissima
812 2003 957 2087 fortuna,
981 2001 1187 2085 auctoritate,
1202 2028 1228 2067 ao
1277 2035 1278 2040 κ

164 2091 269 2175 gratia
297 2090 507 2154 fluctuantem
534 2089 727 2154 sententiam
755 2089 995 2155 confirmassem
1019 2092 1051 2153 et
1079 2111 1098 2153 a
1126 2111 1188 2174 spe

163 2179 323 2242 malorum
338 2177 537 2242 admearum
556 2199 664 2242 rerum
680 2178 809 2242 laudem
828 2178 1065 2242 convertissem
1089 2175 1187 2253 Quod
1277 2191 1278 2268 l

164 2265 193 2330 si
215 2287 289 2331 cum
312 2266 421 2349 aliqua
442 2266 575 2330 levitate
597 2265 679 2329 mihi
702 2265 884 2330 faciendum
905 2265 1035 2351 fixisset,
1057 2265 1187 2330 nullam
1277 2273 1278 2340 l

163 2375 232 2417 rem
254 2354 339 2417 tanti
363 2354 595 2438 aestimassem;
620 2353 675 2418 sed
694 2357 805 2418 tamen
827 2375 915 2418 ame
941 2353 988 2418 ita
1010 2357 1088 2418 sunt
1112 2357 1187 2418 acta
1277 2361 1278 2366 ’

165 2442 286 2526 omnia,
311 2462 380 2506 non
405 2445 443 2506 ut
471 2463 530 2528 ego
558 2441 609 2506 illi
636 2441 818 2506 adsentiens
845 2442 961 2528 levior,
989 2441 1044 2506 sed
1067 2445 1104 2506 ut
1128 2441 1186 2506 ille
1200 2467 1226 2508 aa

129 2548 216 2597 ame
252 2528 393 2613 probans
431 2531 560 2615 gravior
596 2529 766 2596 videretur.
825 2528 964 2614 Reliqua
997 2529 1043 2594 sic
1076 2552 1095 2593 a
1131 2551 1186 2594 me

165 2620 307 2702 aguntur
326 2620 357 2682 et
381 2622 526 2703 agentur,
549 2621 676 2682 utnon
699 2618 948 2704 committamus,
970 2620 1007 2681 ut
1030 2638 1077 2704 ea,
1101 2638 1186 2702 quae

164 2705 338 2789 gessimus,
373 2705 511 2770 fortuito
548 2706 687 2790 gessisse
718 2705 891 2770 videamur.
950 2705 1041 2770 Meos
1078 2704 1185 2771 bonos

163 2793 265 2876 viros,
292 2793 366 2857 illos
395 2814 477 2877 quos
505 2793 683 2880 significas,
710 2797 756 2879 et,
786 2815 856 2858 eam
879 2815 976 2878 quam
998 2793 1080 2857 mihi
1103 2794 1185 2858 dicis

165 2881 336 2966 obtigisse,
359 2883 521 2965 Σπάρταν
543 2904 611 2946 non
632 2882 727 2947 modo
750 2903 929 2966 numquam
951 2882 1105 2968 deseram,
1129 2882 1185 2946 sed
1198 2910 1224 2951 ao

165 2969 276 3055 etiam,
307 2970 336 3034 si
363 2990 423 3054 ego
447 2968 488 3033 ab
511 2969 568 3033 illa
591 2970 732 3056 deserar,
761 2971 927 3035 tamenin
950 2991 1021 3034 maa
1043 2970 1185 3053 pristina

165 3057 324 3122 sententia
355 3056 558 3141 permanebo.
612 3057 698 3123 Illud
730 3063 840 3123 tamen
875 3059 972 3123 velim
1009 3057 1186 3145 existimes,

163 3167 216 3210 me
246 3145 330 3211 hanc
362 3146 447 3210 viam
480 3145 669 3229 optimatem
702 3150 779 3230 post
811 3144 920 3211 Catuli
956 3150 1094 3211 mortem
1127 3167 1186 3212 nec
1276 3165 1277 3243 q

164 3233 325 3317 praesidio
361 3234 429 3298 ullo
465 3255 525 3298 nec
558 3235 714 3299 comitatu
750 3238 866 3299 tenere.
926 3233 1026 3320 Nam,
1061 3237 1100 3298 ut
1139 3236 1185 3300 ait

164 3320 321 3408 Rhinton,
344 3325 381 3386 ut
405 3321 528 3407 opinor,
1197 3349 1221 3391 as

237 3481 293 3546 ‘ol
315 3476 378 3565 μὲν
399 3478 478 3565 παρ’
505 3478 606 3546 οὐδέν
629 3481 704 3564 εἰσι,
726 3489 797 3555 τοῖς
821 3478 853 3544 δ’
879 3476 981 3546 οὐδὲν
1003 3479 1116 3565 pilae?
