<?xml version="1.0" encoding="UTF-8"?>
<!DOCTYPE html PUBLIC "-//W3C//DTD XHTML 1.0 Transitional//EN"
    "http://www.w3.org/TR/xhtml1/DTD/xhtml1-transitional.dtd">
<html xmlns="http://www.w3.org/1999/xhtml" xml:lang="en" lang="en">
 <head>
  <title>
</title>
<meta http-equiv="Content-Type" content="text/html;charset=utf-8" />
  <meta name='ocr-system' content='tesseract 3.04.00' />
  <meta name='ocr-capabilities' content='ocr_page ocr_carea ocr_par ocr_line ocrx_word'/>
</head>
<body>
  <div class='ocr_page' id='page_1' title='image "./scriptaquaemans00mullgoog_0508.png"; bbox 0 0 2578 3886; ppageno 0'>
   <div class='ocr_carea' id='block_1_1' title="bbox 256 179 1126 245">
    <p class='ocr_par' dir='ltr' id='par_1_1' title="bbox 256 179 1126 245">
     <span class='ocr_line' id='line_1_1' title="bbox 256 179 1126 245; baseline 0.002 -11"><span class='ocrx_word' id='word_1_1' title='bbox 256 179 514 234; x_wconf 83' lang='lat' dir='ltr'>EPISTULARUM</span> <span class='ocrx_word' id='word_1_2' title='bbox 532 181 582 234; x_wconf 90' lang='lat' dir='ltr'>AD</span> <span class='ocrx_word' id='word_1_3' title='bbox 602 179 766 234; x_wconf 91' lang='lat' dir='ltr'>ATTICUM</span> <span class='ocrx_word' id='word_1_4' title='bbox 784 180 823 233; x_wconf 88' lang='lat' dir='ltr'>XI</span> <span class='ocrx_word' id='word_1_5' title='bbox 842 185 980 234; x_wconf 70' lang='lat' dir='ltr'>raa—20.</span> <span class='ocrx_word' id='word_1_6' title='bbox 1060 181 1126 245; x_wconf 83' lang='lat'>345</span> 
     </span>
    </p>
   </div>
   <div class='ocr_carea' id='block_1_2' title="bbox 304 410 928 602">
    <p class='ocr_par' dir='ltr' id='par_1_2' title="bbox 304 410 928 602">
     <span class='ocr_line' id='line_1_2' title="bbox 569 410 655 476; baseline -0.023 0"><span class='ocrx_word' id='word_1_7' title='bbox 569 410 655 476; x_wconf 88' lang='lat' dir='ltr'>XIX.</span> 
     </span>
     <span class='ocr_line' id='line_1_3' title="bbox 304 530 928 602; baseline 0 -15"><span class='ocrx_word' id='word_1_8' title='bbox 304 531 360 587; x_wconf 79' lang='lat' dir='ltr'>Ser.</span> <span class='ocrx_word' id='word_1_9' title='bbox 376 531 517 586; x_wconf 73' lang='lat' dir='ltr'>BruadIsa&#39;</span> <span class='ocrx_word' id='word_1_10' title='bbox 537 532 588 585; x_wconf 87' lang='lat' dir='ltr'>XI</span> <span class='ocrx_word' id='word_1_11' title='bbox 604 531 640 584; x_wconf 88' lang='lat' dir='ltr'>K.</span> <span class='ocrx_word' id='word_1_12' title='bbox 656 530 729 585; x_wconf 74' lang='lat' dir='ltr'>Sext.</span> <span class='ocrx_word' id='word_1_13' title='bbox 743 549 768 584; x_wconf 88' lang='lat' dir='ltr'>c.</span> <span class='ocrx_word' id='word_1_14' title='bbox 784 535 839 587; x_wconf 78' lang='lat'>707</span> <span class='ocrx_word' id='word_1_15' title='bbox 859 536 928 602; x_wconf 79' lang='lat'><em>(47).</em></span> 
     </span>
    </p>
   </div>
   <div class='ocr_carea' id='block_1_3' title="bbox 428 652 804 709">
    <p class='ocr_par' dir='ltr' id='par_1_3' title="bbox 428 652 804 709">
     <span class='ocr_line' id='line_1_4' title="bbox 428 652 804 709; baseline 0.003 -1"><span class='ocrx_word' id='word_1_16' title='bbox 428 652 556 709; x_wconf 82' lang='lat' dir='ltr'>CICERO</span> <span class='ocrx_word' id='word_1_17' title='bbox 576 652 709 708; x_wconf 78' lang='lat' dir='ltr'><strong>ATTICO</strong></span> <span class='ocrx_word' id='word_1_18' title='bbox 730 654 804 709; x_wconf 86' lang='lat' dir='ltr'>SAL.</span> 
     </span>
    </p>
   </div>
   <div class='ocr_carea' id='block_1_4' title="bbox 56 761 1160 1468">
    <p class='ocr_par' dir='ltr' id='par_1_4' title="bbox 56 761 1160 1468">
     <span class='ocr_line' id='line_1_5' title="bbox 173 761 1160 848; baseline -0.001 -21"><span class='ocrx_word' id='word_1_19' title='bbox 173 761 257 827; x_wconf 93' lang='lat' dir='ltr'>Cum</span> <span class='ocrx_word' id='word_1_20' title='bbox 289 761 355 825; x_wconf 86' lang='lat' dir='ltr'>tuis</span> <span class='ocrx_word' id='word_1_21' title='bbox 388 761 463 825; x_wconf 88' lang='lat' dir='ltr'>dare</span> <span class='ocrx_word' id='word_1_22' title='bbox 492 783 621 844; x_wconf 87' lang='lat' dir='ltr'>possem</span> <span class='ocrx_word' id='word_1_23' title='bbox 649 761 790 846; x_wconf 84' lang='lat' dir='ltr'>litteras,</span> <span class='ocrx_word' id='word_1_24' title='bbox 820 784 887 827; x_wconf 94' lang='lat' dir='ltr'>non</span> <span class='ocrx_word' id='word_1_25' title='bbox 913 765 1160 848; x_wconf 85' lang='lat' dir='ltr'>praetermisi‚1</span> 
     </span>
     <span class='ocr_line' id='line_1_6' title="bbox 72 850 1127 936; baseline -0.002 -17"><span class='ocrx_word' id='word_1_26' title='bbox 72 852 182 936; x_wconf 80' lang='lat' dir='ltr'>setsi,</span> <span class='ocrx_word' id='word_1_27' title='bbox 215 851 302 934; x_wconf 91' lang='lat' dir='ltr'>quod</span> <span class='ocrx_word' id='word_1_28' title='bbox 335 850 521 934; x_wconf 79' lang='lat' dir='ltr'>scriberem,</span> <span class='ocrx_word' id='word_1_29' title='bbox 549 872 615 914; x_wconf 94' lang='lat' dir='ltr'>non</span> <span class='ocrx_word' id='word_1_30' title='bbox 646 850 814 915; x_wconf 81' lang='lat' dir='ltr'>habebam.</span> <span class='ocrx_word' id='word_1_31' title='bbox 861 850 911 916; x_wconf 90' lang='lat' dir='ltr'>Tu</span> <span class='ocrx_word' id='word_1_32' title='bbox 940 852 979 916; x_wconf 90' lang='lat' dir='ltr'>ad</span> <span class='ocrx_word' id='word_1_33' title='bbox 1005 874 1066 917; x_wconf 91' lang='lat' dir='ltr'>nos</span> <span class='ocrx_word' id='word_1_34' title='bbox 1095 857 1127 917; x_wconf 85' lang='lat' dir='ltr'>et</span> 
     </span>
     <span class='ocr_line' id='line_1_7' title="bbox 104 938 1127 1025; baseline 0 -21"><span class='ocrx_word' id='word_1_35' title='bbox 104 941 211 1004; x_wconf 89' lang='lat' dir='ltr'>rarius</span> <span class='ocrx_word' id='word_1_36' title='bbox 241 938 369 1022; x_wconf 81' lang='lat' dir='ltr'>scribis,</span> <span class='ocrx_word' id='word_1_37' title='bbox 393 960 491 1022; x_wconf 92' lang='lat' dir='ltr'>quam</span> <span class='ocrx_word' id='word_1_38' title='bbox 515 938 656 1020; x_wconf 88' lang='lat' dir='ltr'>solebas,</span> <span class='ocrx_word' id='word_1_39' title='bbox 684 942 717 1002; x_wconf 82' lang='lat' dir='ltr'>et</span> <span class='ocrx_word' id='word_1_40' title='bbox 739 939 885 1024; x_wconf 80' lang='lat' dir='ltr'>brevius,</span> <span class='ocrx_word' id='word_1_41' title='bbox 913 941 1022 1025; x_wconf 87' lang='lat' dir='ltr'>credo,</span> <span class='ocrx_word' id='word_1_42' title='bbox 1051 941 1127 1025; x_wconf 89' lang='lat' dir='ltr'>quia</span> 
     </span>
     <span class='ocr_line' id='line_1_8' title="bbox 103 1026 1127 1112; baseline 0.001 -20"><span class='ocrx_word' id='word_1_43' title='bbox 103 1028 190 1092; x_wconf 88' lang='lat' dir='ltr'><strong>nihil</strong></span> <span class='ocrx_word' id='word_1_44' title='bbox 212 1027 324 1111; x_wconf 82' lang='lat' dir='ltr'>habes,</span> <span class='ocrx_word' id='word_1_45' title='bbox 348 1026 435 1110; x_wconf 90' lang='lat' dir='ltr'>quod</span> <span class='ocrx_word' id='word_1_46' title='bbox 456 1048 508 1090; x_wconf 91' lang='lat' dir='ltr'>me</span> <span class='ocrx_word' id='word_1_47' title='bbox 530 1031 626 1110; x_wconf 85' lang='lat' dir='ltr'>putes</span> <span class='ocrx_word' id='word_1_48' title='bbox 649 1026 789 1092; x_wconf 77' lang='lat' dir='ltr'>libenter</span> <span class='ocrx_word' id='word_1_49' title='bbox 811 1027 919 1112; x_wconf 83' lang='lat' dir='ltr'>legere</span> <span class='ocrx_word' id='word_1_50' title='bbox 941 1032 998 1093; x_wconf 89' lang='lat' dir='ltr'>aut</span> <span class='ocrx_word' id='word_1_51' title='bbox 1017 1030 1127 1093; x_wconf 86' lang='lat' dir='ltr'>audire</span> 
     </span>
     <span class='ocr_line' id='line_1_9' title="bbox 104 1114 1127 1200; baseline 0.002 -20"><span class='ocrx_word' id='word_1_52' title='bbox 104 1138 209 1200; x_wconf 89' lang='lat' dir='ltr'>posse.</span> <span class='ocrx_word' id='word_1_53' title='bbox 248 1114 371 1180; x_wconf 88' lang='lat' dir='ltr'>Verum</span> <span class='ocrx_word' id='word_1_54' title='bbox 393 1117 503 1179; x_wconf 86' lang='lat' dir='ltr'>tamen</span> <span class='ocrx_word' id='word_1_55' title='bbox 525 1115 632 1198; x_wconf 81' lang='lat' dir='ltr'>velim,</span> <span class='ocrx_word' id='word_1_56' title='bbox 655 1116 684 1178; x_wconf 79' lang='lat' dir='ltr'>si</span> <span class='ocrx_word' id='word_1_57' title='bbox 704 1115 781 1198; x_wconf 90' lang='lat' dir='ltr'>quid</span> <span class='ocrx_word' id='word_1_58' title='bbox 799 1117 870 1200; x_wconf 83' lang='lat' dir='ltr'>erit,</span> <span class='ocrx_word' id='word_1_59' title='bbox 896 1117 1127 1200; x_wconf 82' lang='lat' dir='ltr'>qualecumque</span> 
     </span>
     <span class='ocr_line' id='line_1_10' title="bbox 104 1201 1128 1290; baseline 0.002 -22"><span class='ocrx_word' id='word_1_60' title='bbox 104 1205 182 1290; x_wconf 81' lang='lat' dir='ltr'>erit,</span> <span class='ocrx_word' id='word_1_61' title='bbox 210 1204 339 1268; x_wconf 77' lang='lat' dir='ltr'>scribas.</span> <span class='ocrx_word' id='word_1_62' title='bbox 386 1201 447 1266; x_wconf 88' lang='lat' dir='ltr'>Est</span> <span class='ocrx_word' id='word_1_63' title='bbox 470 1207 578 1266; x_wconf 88' lang='lat' dir='ltr'>autem</span> <span class='ocrx_word' id='word_1_64' title='bbox 601 1225 711 1288; x_wconf 87' lang='lat' dir='ltr'>unum,</span> <span class='ocrx_word' id='word_1_65' title='bbox 735 1203 820 1287; x_wconf 88' lang='lat' dir='ltr'>quod</span> <span class='ocrx_word' id='word_1_66' title='bbox 843 1204 925 1268; x_wconf 92' lang='lat' dir='ltr'>mihi</span> <span class='ocrx_word' id='word_1_67' title='bbox 949 1206 992 1269; x_wconf 87' lang='lat' dir='ltr'>sit</span> <span class='ocrx_word' id='word_1_68' title='bbox 1015 1210 1128 1289; x_wconf 88' lang='lat' dir='ltr'>optan-</span> 
     </span>
     <span class='ocr_line' id='line_1_11' title="bbox 56 1290 1128 1378; baseline 0.001 -20"><span class='ocrx_word' id='word_1_69' title='bbox 56 1321 89 1358; x_wconf 91' lang='lat'>10</span> <span class='ocrx_word' id='word_1_70' title='bbox 106 1293 194 1376; x_wconf 76' lang='lat' dir='ltr'>dum,</span> <span class='ocrx_word' id='word_1_71' title='bbox 217 1293 246 1355; x_wconf 88' lang='lat' dir='ltr'>si</span> <span class='ocrx_word' id='word_1_72' title='bbox 270 1292 347 1376; x_wconf 91' lang='lat' dir='ltr'>quid</span> <span class='ocrx_word' id='word_1_73' title='bbox 371 1291 424 1376; x_wconf 78' lang='lat' dir='ltr'>agi</span> <span class='ocrx_word' id='word_1_74' title='bbox 448 1290 485 1354; x_wconf 90' lang='lat' dir='ltr'>de</span> <span class='ocrx_word' id='word_1_75' title='bbox 509 1314 585 1374; x_wconf 89' lang='lat' dir='ltr'>pace</span> <span class='ocrx_word' id='word_1_76' title='bbox 608 1291 726 1375; x_wconf 82' lang='lat' dir='ltr'>possit3</span> <span class='ocrx_word' id='word_1_77' title='bbox 756 1292 842 1375; x_wconf 89' lang='lat' dir='ltr'>quod</span> <span class='ocrx_word' id='word_1_78' title='bbox 864 1293 956 1356; x_wconf 89' lang='lat' dir='ltr'>nulla</span> <span class='ocrx_word' id='word_1_79' title='bbox 979 1295 1128 1378; x_wconf 90' lang='lat' dir='ltr'>equidem</span> 
     </span>
     <span class='ocr_line' id='line_1_12' title="bbox 104 1378 1128 1468; baseline 0.002 -24"><span class='ocrx_word' id='word_1_80' title='bbox 104 1381 210 1445; x_wconf 89' lang='lat' dir='ltr'>habeo</span> <span class='ocrx_word' id='word_1_81' title='bbox 235 1381 270 1442; x_wconf 96' lang='lat' dir='ltr'>in</span> <span class='ocrx_word' id='word_1_82' title='bbox 293 1402 361 1463; x_wconf 83' lang='lat' dir='ltr'>spe3</span> <span class='ocrx_word' id='word_1_83' title='bbox 386 1378 451 1462; x_wconf 83' lang='lat' dir='ltr'>sed,</span> <span class='ocrx_word' id='word_1_84' title='bbox 475 1380 551 1464; x_wconf 88' lang='lat' dir='ltr'>quia</span> <span class='ocrx_word' id='word_1_85' title='bbox 573 1384 611 1442; x_wconf 87' lang='lat' dir='ltr'>tn</span> <span class='ocrx_word' id='word_1_86' title='bbox 634 1380 748 1444; x_wconf 68' lang='lat' dir='ltr'>lenter</span> <span class='ocrx_word' id='word_1_87' title='bbox 771 1380 934 1444; x_wconf 88' lang='lat' dir='ltr'>interdum</span> <span class='ocrx_word' id='word_1_88' title='bbox 954 1381 1128 1468; x_wconf 77' lang='lat' dir='ltr'>significas,</span> 
     </span>
    </p>
   </div>
   <div class='ocr_carea' id='block_1_5' title="bbox 105 1468 1163 1622">
    <p class='ocr_par' dir='ltr' id='par_1_5' title="bbox 105 1468 1163 1622">
     <span class='ocr_line' id='line_1_13' title="bbox 105 1468 902 1554; baseline -0.001 -21"><span class='ocrx_word' id='word_1_89' title='bbox 105 1469 196 1554; x_wconf 82' lang='lat' dir='ltr'>cogis</span> <span class='ocrx_word' id='word_1_90' title='bbox 219 1489 271 1533; x_wconf 91' lang='lat' dir='ltr'>me</span> <span class='ocrx_word' id='word_1_91' title='bbox 295 1489 432 1552; x_wconf 84' lang='lat' dir='ltr'>sperare,</span> <span class='ocrx_word' id='word_1_92' title='bbox 455 1469 541 1552; x_wconf 91' lang='lat' dir='ltr'>quod</span> <span class='ocrx_word' id='word_1_93' title='bbox 565 1468 743 1552; x_wconf 90' lang='lat' dir='ltr'>optandum</span> <span class='ocrx_word' id='word_1_94' title='bbox 766 1468 822 1532; x_wconf 87' lang='lat' dir='ltr'>vix</span> <span class='ocrx_word' id='word_1_95' title='bbox 845 1472 902 1532; x_wconf 89' lang='lat' dir='ltr'>est.</span> 
     </span>
     <span class='ocr_line' id='line_1_14' title="bbox 172 1554 1163 1622; baseline 0 -2"><span class='ocrx_word' id='word_1_96' title='bbox 172 1557 369 1620; x_wconf 71' lang='lat' dir='ltr'>Philotimus</span> <span class='ocrx_word' id='word_1_97' title='bbox 398 1556 515 1620; x_wconf 90' lang='lat' dir='ltr'>dicitur</span> <span class='ocrx_word' id='word_1_98' title='bbox 541 1555 586 1619; x_wconf 93' lang='lat' dir='ltr'>Id.</span> <span class='ocrx_word' id='word_1_99' title='bbox 612 1554 698 1620; x_wconf 87' lang='lat' dir='ltr'>Sext.</span> <span class='ocrx_word' id='word_1_100' title='bbox 744 1554 837 1619; x_wconf 92' lang='lat' dir='ltr'>Nihil</span> <span class='ocrx_word' id='word_1_101' title='bbox 866 1556 970 1621; x_wconf 89' lang='lat' dir='ltr'>habeo</span> <span class='ocrx_word' id='word_1_102' title='bbox 1001 1558 1039 1622; x_wconf 91' lang='lat' dir='ltr'>de</span> <span class='ocrx_word' id='word_1_103' title='bbox 1070 1559 1163 1622; x_wconf 77' lang='lat' dir='ltr'>illoa</span> 
     </span>
    </p>
   </div>
   <div class='ocr_carea' id='block_1_6' title="bbox 60 1643 1128 1906">
    <p class='ocr_par' dir='ltr' id='par_1_6' title="bbox 60 1643 1128 1906">
     <span class='ocr_line' id='line_1_15' title="bbox 105 1643 1128 1729; baseline 0 -20"><span class='ocrx_word' id='word_1_104' title='bbox 105 1646 254 1729; x_wconf 88' lang='lat' dir='ltr'>amplius.</span> <span class='ocrx_word' id='word_1_105' title='bbox 301 1644 352 1709; x_wconf 90' lang='lat' dir='ltr'>Tu</span> <span class='ocrx_word' id='word_1_106' title='bbox 374 1643 472 1708; x_wconf 82' lang='lat' dir='ltr'>velim</span> <span class='ocrx_word' id='word_1_107' title='bbox 497 1645 537 1708; x_wconf 89' lang='lat' dir='ltr'>ad</span> <span class='ocrx_word' id='word_1_108' title='bbox 560 1665 597 1708; x_wconf 90' lang='lat' dir='ltr'>ea</span> <span class='ocrx_word' id='word_1_109' title='bbox 619 1643 701 1708; x_wconf 93' lang='lat' dir='ltr'>mihi</span> <span class='ocrx_word' id='word_1_110' title='bbox 723 1644 896 1727; x_wconf 77' lang='lat' dir='ltr'>rescribas,</span> <span class='ocrx_word' id='word_1_111' title='bbox 927 1666 1008 1728; x_wconf 89' lang='lat' dir='ltr'>quae</span> <span class='ocrx_word' id='word_1_112' title='bbox 1032 1645 1072 1709; x_wconf 94' lang='lat' dir='ltr'>ad</span> <span class='ocrx_word' id='word_1_113' title='bbox 1094 1649 1128 1709; x_wconf 84' lang='lat' dir='ltr'>te</span> 
     </span>
     <span class='ocr_line' id='line_1_16' title="bbox 60 1731 1128 1817; baseline -0.003 -17"><span class='ocrx_word' id='word_1_114' title='bbox 60 1760 90 1800; x_wconf 87' lang='lat'>15</span> <span class='ocrx_word' id='word_1_115' title='bbox 105 1739 200 1798; x_wconf 87' lang='lat' dir='ltr'>antea</span> <span class='ocrx_word' id='word_1_116' title='bbox 230 1732 353 1817; x_wconf 88' lang='lat' dir='ltr'>scripsi.</span> <span class='ocrx_word' id='word_1_117' title='bbox 399 1731 482 1796; x_wconf 86' lang='lat' dir='ltr'>Mihi</span> <span class='ocrx_word' id='word_1_118' title='bbox 512 1736 640 1796; x_wconf 83' lang='lat' dir='ltr'>tantum</span> <span class='ocrx_word' id='word_1_119' title='bbox 666 1733 823 1815; x_wconf 89' lang='lat' dir='ltr'>temporis</span> <span class='ocrx_word' id='word_1_120' title='bbox 855 1733 935 1796; x_wconf 89' lang='lat' dir='ltr'>satis</span> <span class='ocrx_word' id='word_1_121' title='bbox 960 1737 1022 1817; x_wconf 85' lang='lat' dir='ltr'>est,</span> <span class='ocrx_word' id='word_1_122' title='bbox 1051 1733 1128 1797; x_wconf 93' lang='lat' dir='ltr'>dum</span> 
     </span>
     <span class='ocr_line' id='line_1_17' title="bbox 104 1820 1128 1906; baseline -0.001 -20"><span class='ocrx_word' id='word_1_123' title='bbox 104 1827 141 1886; x_wconf 85' lang='lat' dir='ltr'>ut</span> <span class='ocrx_word' id='word_1_124' title='bbox 160 1823 196 1886; x_wconf 93' lang='lat' dir='ltr'>in</span> <span class='ocrx_word' id='word_1_125' title='bbox 214 1821 366 1904; x_wconf 89' lang='lat' dir='ltr'>pessimis</span> <span class='ocrx_word' id='word_1_126' title='bbox 386 1821 483 1885; x_wconf 85' lang='lat' dir='ltr'>rebus</span> <span class='ocrx_word' id='word_1_127' title='bbox 502 1821 627 1904; x_wconf 88' lang='lat' dir='ltr'>aliquid</span> <span class='ocrx_word' id='word_1_128' title='bbox 645 1841 783 1906; x_wconf 84' lang='lat' dir='ltr'>caveam,</span> <span class='ocrx_word' id='word_1_129' title='bbox 798 1821 855 1904; x_wconf 89' lang='lat' dir='ltr'>qui</span> <span class='ocrx_word' id='word_1_130' title='bbox 873 1820 957 1884; x_wconf 90' lang='lat' dir='ltr'>nihil</span> <span class='ocrx_word' id='word_1_131' title='bbox 973 1843 1128 1905; x_wconf 90' lang='lat' dir='ltr'>umquam</span> 
     </span>
    </p>
   </div>
   <div class='ocr_carea' id='block_1_7' title="bbox 104 1906 628 1974">
    <p class='ocr_par' dir='ltr' id='par_1_7' title="bbox 104 1906 628 1974">
     <span class='ocr_line' id='line_1_18' title="bbox 104 1906 628 1974; baseline -0.004 0"><span class='ocrx_word' id='word_1_132' title='bbox 104 1911 181 1974; x_wconf 86' lang='lat' dir='ltr'>cavi.</span> <span class='ocrx_word' id='word_1_133' title='bbox 230 1909 322 1974; x_wconf 86' lang='lat' dir='ltr'>Vale.</span> <span class='ocrx_word' id='word_1_134' title='bbox 369 1927 407 1973; x_wconf 73' lang='lat' dir='ltr'>xl</span> <span class='ocrx_word' id='word_1_135' title='bbox 425 1908 496 1972; x_wconf 90' lang='lat' dir='ltr'>Kal.</span> <span class='ocrx_word' id='word_1_136' title='bbox 517 1906 628 1972; x_wconf 84' lang='lat' dir='ltr'>Sextil.</span> 
     </span>
    </p>
   </div>
   <div class='ocr_carea' id='block_1_8' title="bbox 249 2083 987 2276">
    <p class='ocr_par' dir='ltr' id='par_1_8' title="bbox 249 2083 987 2276">
     <span class='ocr_line' id='line_1_19' title="bbox 578 2083 647 2148; baseline 0 0"><span class='ocrx_word' id='word_1_137' title='bbox 578 2083 647 2148; x_wconf 88' lang='lat' dir='ltr'>XX.</span> 
     </span>
     <span class='ocr_line' id='line_1_20' title="bbox 249 2205 987 2276; baseline -0.001 -15"><span class='ocrx_word' id='word_1_138' title='bbox 249 2205 306 2261; x_wconf 82' lang='lat' dir='ltr'>Ser.</span> <span class='ocrx_word' id='word_1_139' title='bbox 321 2206 462 2260; x_wconf 70' lang='lat' dir='ltr'>Brundisi</span> <span class='ocrx_word' id='word_1_140' title='bbox 481 2223 506 2259; x_wconf 86' lang='lat' dir='ltr'>c.</span> <span class='ocrx_word' id='word_1_141' title='bbox 521 2205 547 2258; x_wconf 85' lang='lat' dir='ltr'>d.</span> <span class='ocrx_word' id='word_1_142' title='bbox 565 2205 645 2259; x_wconf 87' lang='lat' dir='ltr'>XVI</span> <span class='ocrx_word' id='word_1_143' title='bbox 659 2205 696 2259; x_wconf 89' lang='lat' dir='ltr'>K.</span> <span class='ocrx_word' id='word_1_144' title='bbox 713 2205 784 2276; x_wconf 80' lang='lat' dir='ltr'>Sept.</span> <span class='ocrx_word' id='word_1_145' title='bbox 800 2224 825 2262; x_wconf 83' lang='lat' dir='ltr'>a.</span> <span class='ocrx_word' id='word_1_146' title='bbox 842 2211 898 2262; x_wconf 83' lang='lat'>707</span> <span class='ocrx_word' id='word_1_147' title='bbox 917 2209 987 2276; x_wconf 73' lang='lat'><em>(47).</em></span> 
     </span>
    </p>
   </div>
   <div class='ocr_carea' id='block_1_9' title="bbox 61 2327 805 2384">
    <p class='ocr_par' dir='ltr' id='par_1_9' title="bbox 61 2327 805 2384">
     <span class='ocr_line' id='line_1_21' title="bbox 61 2327 805 2384; baseline 0.005 -5"><span class='ocrx_word' id='word_1_148' title='bbox 61 2341 89 2380; x_wconf 81' lang='lat' dir='ltr'>ao</span> <span class='ocrx_word' id='word_1_149' title='bbox 429 2327 557 2383; x_wconf 79' lang='lat' dir='ltr'>CICERO</span> <span class='ocrx_word' id='word_1_150' title='bbox 580 2328 709 2383; x_wconf 84' lang='lat' dir='ltr'>ATTICO</span> <span class='ocrx_word' id='word_1_151' title='bbox 731 2329 805 2384; x_wconf 82' lang='lat' dir='ltr'>SAL.</span> 
     </span>
    </p>
   </div>
   <div class='ocr_carea' id='block_1_10' title="bbox 63 2435 1161 3580">
    <p class='ocr_par' dir='ltr' id='par_1_10' title="bbox 63 2435 1161 3051">
     <span class='ocr_line' id='line_1_22' title="bbox 171 2435 1161 2521; baseline -0.001 -19"><span class='ocrx_word' id='word_1_152' title='bbox 171 2456 247 2502; x_wconf 80' lang='lat' dir='ltr'>xvir</span> <span class='ocrx_word' id='word_1_153' title='bbox 276 2435 316 2502; x_wconf 90' lang='lat' dir='ltr'>K.</span> <span class='ocrx_word' id='word_1_154' title='bbox 343 2435 549 2521; x_wconf 72' lang='lat' dir='ltr'>Septembres</span> <span class='ocrx_word' id='word_1_155' title='bbox 582 2442 714 2502; x_wconf 87' lang='lat' dir='ltr'>venerat</span> <span class='ocrx_word' id='word_1_156' title='bbox 747 2439 797 2502; x_wconf 89' lang='lat' dir='ltr'>die</span> <span class='ocrx_word' id='word_1_157' title='bbox 829 2455 943 2502; x_wconf 85' lang='lat' dir='ltr'>xxvm</span> <span class='ocrx_word' id='word_1_158' title='bbox 977 2437 1161 2504; x_wconf 82' lang='lat' dir='ltr'>Seleuceal</span> 
     </span>
     <span class='ocr_line' id='line_1_23' title="bbox 103 2524 1127 2611; baseline 0.002 -21"><span class='ocrx_word' id='word_1_159' title='bbox 103 2525 211 2590; x_wconf 86' lang='lat' dir='ltr'>Pieria</span> <span class='ocrx_word' id='word_1_160' title='bbox 240 2524 273 2590; x_wconf 94' lang='lat' dir='ltr'>C.</span> <span class='ocrx_word' id='word_1_161' title='bbox 293 2525 436 2591; x_wconf 89' lang='lat' dir='ltr'>Treboni</span> <span class='ocrx_word' id='word_1_162' title='bbox 464 2527 605 2611; x_wconf 75' lang='lat' dir='ltr'>libertus,</span> <span class='ocrx_word' id='word_1_163' title='bbox 639 2526 695 2609; x_wconf 92' lang='lat' dir='ltr'>qui</span> <span class='ocrx_word' id='word_1_164' title='bbox 724 2548 757 2590; x_wconf 89' lang='lat' dir='ltr'>se</span> <span class='ocrx_word' id='word_1_165' title='bbox 780 2524 980 2591; x_wconf 88' lang='lat' dir='ltr'>Antiocheae</span> <span class='ocrx_word' id='word_1_166' title='bbox 1008 2527 1127 2593; x_wconf 88' lang='lat' dir='ltr'>diceret</span> 
     </span>
     <span class='ocr_line' id='line_1_24' title="bbox 104 2612 1126 2699; baseline 0.002 -21"><span class='ocrx_word' id='word_1_167' title='bbox 104 2616 191 2699; x_wconf 89' lang='lat' dir='ltr'>apud</span> <span class='ocrx_word' id='word_1_168' title='bbox 224 2612 393 2679; x_wconf 84' lang='lat' dir='ltr'>Caesarem</span> <span class='ocrx_word' id='word_1_169' title='bbox 425 2614 544 2679; x_wconf 77' lang='lat' dir='ltr'>vidisse</span> <span class='ocrx_word' id='word_1_170' title='bbox 577 2613 735 2690; x_wconf 82' lang='lat' dir='ltr'>Quintum</span> <span class='ocrx_word' id='word_1_171' title='bbox 766 2613 872 2678; x_wconf 88' lang='lat' dir='ltr'>filium</span> <span class='ocrx_word' id='word_1_172' title='bbox 901 2636 974 2679; x_wconf 91' lang='lat' dir='ltr'>cum</span> <span class='ocrx_word' id='word_1_173' title='bbox 1006 2614 1126 2681; x_wconf 87' lang='lat' dir='ltr'>Hirtio.</span> 
     </span>
     <span class='ocr_line' id='line_1_25' title="bbox 103 2701 1128 2788; baseline 0.002 -22"><span class='ocrx_word' id='word_1_174' title='bbox 103 2703 173 2767; x_wconf 93' lang='lat' dir='ltr'>Eos</span> <span class='ocrx_word' id='word_1_175' title='bbox 199 2703 238 2766; x_wconf 89' lang='lat' dir='ltr'>de</span> <span class='ocrx_word' id='word_1_176' title='bbox 257 2702 388 2788; x_wconf 81' lang='lat' dir='ltr'>Quinto,</span> <span class='ocrx_word' id='word_1_177' title='bbox 412 2725 494 2787; x_wconf 92' lang='lat' dir='ltr'>quae</span> <span class='ocrx_word' id='word_1_178' title='bbox 517 2701 706 2785; x_wconf 84' lang='lat' dir='ltr'>voluissent,</span> <span class='ocrx_word' id='word_1_179' title='bbox 729 2702 921 2786; x_wconf 86' lang='lat' dir='ltr'>impetrasse</span> <span class='ocrx_word' id='word_1_180' title='bbox 943 2703 1034 2768; x_wconf 90' lang='lat' dir='ltr'>nullo</span> <span class='ocrx_word' id='word_1_181' title='bbox 1059 2703 1128 2787; x_wconf 92' lang='lat' dir='ltr'>qui-</span> 
     </span>
     <span class='ocr_line' id='line_1_26' title="bbox 63 2789 1127 2876; baseline 0 -20"><span class='ocrx_word' id='word_1_182' title='bbox 63 2816 89 2857; x_wconf 77' lang='lat' dir='ltr'>re</span> <span class='ocrx_word' id='word_1_183' title='bbox 104 2791 178 2855; x_wconf 90' lang='lat' dir='ltr'>dem</span> <span class='ocrx_word' id='word_1_184' title='bbox 200 2791 341 2876; x_wconf 85' lang='lat' dir='ltr'>negotio.</span> <span class='ocrx_word' id='word_1_185' title='bbox 381 2789 473 2866; x_wconf 84' lang='lat' dir='ltr'>Quod</span> <span class='ocrx_word' id='word_1_186' title='bbox 492 2811 551 2875; x_wconf 82' lang='lat' dir='ltr'>ego</span> <span class='ocrx_word' id='word_1_187' title='bbox 571 2790 676 2875; x_wconf 86' lang='lat' dir='ltr'>magis</span> <span class='ocrx_word' id='word_1_188' title='bbox 696 2791 878 2875; x_wconf 79' lang='lat' dir='ltr'>gauderem,</span> <span class='ocrx_word' id='word_1_189' title='bbox 902 2791 930 2855; x_wconf 90' lang='lat' dir='ltr'>si</span> <span class='ocrx_word' id='word_1_190' title='bbox 948 2792 1013 2856; x_wconf 87' lang='lat' dir='ltr'>ista</span> <span class='ocrx_word' id='word_1_191' title='bbox 1031 2792 1127 2856; x_wconf 89' lang='lat' dir='ltr'>nobis</span> 
     </span>
     <span class='ocr_line' id='line_1_27' title="bbox 103 2878 1128 3051; baseline 0.001 -20"><span class='ocrx_word' id='word_1_192' title='bbox 103 2879 1042 3051; x_wconf 51' lang='lat' dir='ltr'>{lpiillrlliiiullnllillliaffldiiiilqliblinlt</span> <span class='ocrx_word' id='word_1_193' title='bbox 1065 2878 1128 3032; x_wconf 72' lang='lat' dir='ltr'>tt</span> 
     </span>
    </p>

    <p class='ocr_par' dir='ltr' id='par_1_11' title="bbox 900 3019 908 3052">
     <span class='ocr_line' id='line_1_28' title="bbox 900 3019 908 3052; baseline 0 0"><span class='ocrx_word' id='word_1_194' title='bbox 900 3019 908 3052; x_wconf 80' lang='lat'><em>7</em></span> 
     </span>
    </p>

    <p class='ocr_par' dir='ltr' id='par_1_12' title="bbox 103 3055 1127 3140">
     <span class='ocr_line' id='line_1_29' title="bbox 103 3055 1127 3140; baseline 0 -21"><span class='ocrx_word' id='word_1_195' title='bbox 103 3057 176 3140; x_wconf 89' lang='lat' dir='ltr'>ipso</span> <span class='ocrx_word' id='word_1_196' title='bbox 202 3078 283 3140; x_wconf 91' lang='lat' dir='ltr'>quae</span> <span class='ocrx_word' id='word_1_197' title='bbox 303 3056 422 3120; x_wconf 88' lang='lat' dir='ltr'>dantur</span> <span class='ocrx_word' id='word_1_198' title='bbox 440 3060 478 3120; x_wconf 89' lang='lat' dir='ltr'>ut</span> <span class='ocrx_word' id='word_1_199' title='bbox 502 3079 520 3118; x_wconf 90' lang='lat' dir='ltr'>a</span> <span class='ocrx_word' id='word_1_200' title='bbox 539 3055 679 3139; x_wconf 80' lang='lat' dir='ltr'>domino,</span> <span class='ocrx_word' id='word_1_201' title='bbox 702 3077 814 3120; x_wconf 89' lang='lat' dir='ltr'>rursus</span> <span class='ocrx_word' id='word_1_202' title='bbox 833 3056 870 3120; x_wconf 92' lang='lat' dir='ltr'>in</span> <span class='ocrx_word' id='word_1_203' title='bbox 888 3056 1032 3121; x_wconf 88' lang='lat' dir='ltr'>eiusdem</span> <span class='ocrx_word' id='word_1_204' title='bbox 1051 3060 1127 3119; x_wconf 88' lang='lat' dir='ltr'>sunt</span> 
     </span>
    </p>

    <p class='ocr_par' dir='ltr' id='par_1_13' title="bbox 64 3141 1161 3580">
     <span class='ocr_line' id='line_1_30' title="bbox 103 3141 1161 3228; baseline -0.002 -20"><span class='ocrx_word' id='word_1_205' title='bbox 103 3147 274 3228; x_wconf 88' lang='lat' dir='ltr'>potestate.</span> <span class='ocrx_word' id='word_1_206' title='bbox 331 3143 444 3209; x_wconf 85' lang='lat' dir='ltr'>Etiam</span> <span class='ocrx_word' id='word_1_207' title='bbox 472 3141 628 3208; x_wconf 80' lang='lat' dir='ltr'>Sallustio</span> <span class='ocrx_word' id='word_1_208' title='bbox 658 3144 793 3227; x_wconf 77' lang='lat' dir='ltr'>ignovit.</span> <span class='ocrx_word' id='word_1_209' title='bbox 841 3142 980 3208; x_wconf 88' lang='lat' dir='ltr'>Omnino</span> <span class='ocrx_word' id='word_1_210' title='bbox 1009 3143 1161 3208; x_wconf 79' lang='lat' dir='ltr'>dicitura</span> 
     </span>
     <span class='ocr_line' id='line_1_31' title="bbox 64 3231 1126 3317; baseline -0.003 -20"><span class='ocrx_word' id='word_1_211' title='bbox 64 3259 90 3297; x_wconf 84' lang='lat' dir='ltr'>ao</span> <span class='ocrx_word' id='word_1_212' title='bbox 103 3233 227 3297; x_wconf 89' lang='lat' dir='ltr'>nemini</span> <span class='ocrx_word' id='word_1_213' title='bbox 248 3253 382 3317; x_wconf 80' lang='lat' dir='ltr'>negare3</span> <span class='ocrx_word' id='word_1_214' title='bbox 416 3233 502 3316; x_wconf 90' lang='lat' dir='ltr'>quod</span> <span class='ocrx_word' id='word_1_215' title='bbox 525 3232 634 3315; x_wconf 88' lang='lat' dir='ltr'>ipsum</span> <span class='ocrx_word' id='word_1_216' title='bbox 658 3235 707 3295; x_wconf 90' lang='lat' dir='ltr'>est</span> <span class='ocrx_word' id='word_1_217' title='bbox 731 3236 929 3316; x_wconf 80' lang='lat' dir='ltr'>suspectum,</span> <span class='ocrx_word' id='word_1_218' title='bbox 957 3231 1126 3296; x_wconf 84' lang='lat' dir='ltr'>notionem</span> 
     </span>
     <span class='ocr_line' id='line_1_32' title="bbox 104 3318 1127 3404; baseline -0.002 -20"><span class='ocrx_word' id='word_1_219' title='bbox 104 3322 174 3384; x_wconf 88' lang='lat' dir='ltr'>eius</span> <span class='ocrx_word' id='word_1_220' title='bbox 203 3320 332 3384; x_wconf 85' lang='lat' dir='ltr'>differri.</span> <span class='ocrx_word' id='word_1_221' title='bbox 379 3320 422 3384; x_wconf 91' lang='lat' dir='ltr'>M.</span> <span class='ocrx_word' id='word_1_222' title='bbox 444 3319 569 3384; x_wconf 82' lang='lat' dir='ltr'>Cellius</span> <span class='ocrx_word' id='word_1_223' title='bbox 598 3319 632 3395; x_wconf 82' lang='lat' dir='ltr'>Q.</span> <span class='ocrx_word' id='word_1_224' title='bbox 653 3321 673 3383; x_wconf 88' lang='lat' dir='ltr'>f.</span> <span class='ocrx_word' id='word_1_225' title='bbox 693 3321 854 3404; x_wconf 87' lang='lat' dir='ltr'>mancipia</span> <span class='ocrx_word' id='word_1_226' title='bbox 879 3318 1034 3383; x_wconf 88' lang='lat' dir='ltr'>Sallustio</span> <span class='ocrx_word' id='word_1_227' title='bbox 1058 3319 1127 3383; x_wconf 88' lang='lat' dir='ltr'>red-</span> 
     </span>
     <span class='ocr_line' id='line_1_33' title="bbox 105 3405 1126 3494; baseline -0.001 -23"><span class='ocrx_word' id='word_1_228' title='bbox 105 3409 195 3473; x_wconf 87' lang='lat' dir='ltr'>didit.</span> <span class='ocrx_word' id='word_1_229' title='bbox 232 3407 265 3472; x_wconf 94' lang='lat' dir='ltr'>Is</span> <span class='ocrx_word' id='word_1_230' title='bbox 289 3409 387 3494; x_wconf 86' lang='lat' dir='ltr'>venit,</span> <span class='ocrx_word' id='word_1_231' title='bbox 411 3413 448 3472; x_wconf 85' lang='lat' dir='ltr'>ut</span> <span class='ocrx_word' id='word_1_232' title='bbox 467 3408 610 3493; x_wconf 80' lang='lat' dir='ltr'>legiones</span> <span class='ocrx_word' id='word_1_233' title='bbox 630 3408 666 3471; x_wconf 95' lang='lat' dir='ltr'>in</span> <span class='ocrx_word' id='word_1_234' title='bbox 686 3407 828 3472; x_wconf 88' lang='lat' dir='ltr'>Siciliam</span> <span class='ocrx_word' id='word_1_235' title='bbox 847 3408 1037 3471; x_wconf 86' lang='lat' dir='ltr'>traduceret.</span> <span class='ocrx_word' id='word_1_236' title='bbox 1074 3405 1126 3470; x_wconf 89' lang='lat' dir='ltr'>Eo</span> 
     </span>
     <span class='ocr_line' id='line_1_34' title="bbox 104 3493 1127 3580; baseline -0.002 -20"><span class='ocrx_word' id='word_1_237' title='bbox 104 3498 262 3579; x_wconf 88' lang='lat' dir='ltr'>protinus.</span> <span class='ocrx_word' id='word_1_238' title='bbox 278 3497 401 3561; x_wconf 85' lang='lat' dir='ltr'>iturum</span> <span class='ocrx_word' id='word_1_239' title='bbox 425 3495 595 3559; x_wconf 89' lang='lat' dir='ltr'>Caesarem</span> <span class='ocrx_word' id='word_1_240' title='bbox 614 3495 730 3560; x_wconf 87' lang='lat' dir='ltr'>Patris.</span> <span class='ocrx_word' id='word_1_241' title='bbox 770 3494 862 3571; x_wconf 83' lang='lat' dir='ltr'>Quod</span> <span class='ocrx_word' id='word_1_242' title='bbox 881 3495 910 3558; x_wconf 91' lang='lat' dir='ltr'>si</span> <span class='ocrx_word' id='word_1_243' title='bbox 928 3493 1032 3576; x_wconf 86' lang='lat' dir='ltr'>faciet,</span> <span class='ocrx_word' id='word_1_244' title='bbox 1057 3515 1127 3580; x_wconf 85' lang='lat' dir='ltr'>ego,</span> 
     </span>
    </p>
   </div>
   <div class='ocr_carea' id='block_1_11' title="bbox 0 0 1298 3886">
    <p class='ocr_par' dir='ltr' id='par_1_14' title="bbox 0 0 1298 3886">
     <span class='ocr_line' id='line_1_35' title="bbox 0 0 1298 3886; baseline 0 0"><span class='ocrx_word' id='word_1_245' title='bbox 0 0 1298 3886; x_wconf 95' lang='lat' dir='ltr'> </span> 
     </span>
    </p>
   </div>
  </div>
 </body>
</html>
