2568 3888
162 123 205 188 58
483 123 521 176 M.
541 122 648 176 TULLI
667 121 857 177 CICERONIS

161 266 195 329 id
227 266 356 350 quidem
382 287 449 330 non
476 266 610 329 dubium
637 270 700 350 cst,
732 266 824 348 quin,
854 264 883 328 si
914 264 991 347 quid
1021 264 1085 328 erit
1114 264 1178 327 eius
1274 305 1275 350 3

161 353 259 439 modi,
284 354 563 418 31331131313133.
598 353 730 438 Verum,
752 357 790 416 ut
811 352 874 416 hoo
895 373 963 415 non
986 353 1040 437 sit,
1061 357 1181 436 tamen,
1274 363 1275 398 ³

163 442 230 506 sive
252 446 324 505 ruet
347 443 411 507 sice
437 446 527 526 reget
557 463 625 505 rem
654 440 831 526 publicam,
860 439 1061 524 praeclarum
1095 461 1181 523 spee—

161 529 304 594 taculum
331 529 413 594 milri
440 551 601 614 propono,
632 530 728 593 modo
760 532 794 592 te
821 550 1007 592 consessore
1036 532 1181 611 spectare

161 617 264 683 liceat.
1214 641 1233 681 5

124 723 142 770 3
230 703 313 769 Cum
344 705 423 768 haec
453 705 593 768 maxime
624 705 810 790 scriberem,
839 726 910 770 ecee
936 704 999 768 tibi
1023 701 1181 768 Sebosus!

161 790 315 858 Nondum
353 793 493 876 plane
484 813 718 876 mgemueram‚
750 757 879 879 salve',
915 792 1023 876 inquit
1008 790 1182 856 tArrius.

161 878 233 944 Hoc
265 885 315 944 331
342 878 447 944 113133
479 880 640 944 decedere!
691 878 778 955 Quos
806 901 866 965 ego
893 880 1041 946 homines
1070 879 1184 964 effugi,

162 990 236 1032 cum
258 969 294 1032 in
315 968 376 1032 hos
399 967 510 1032 incidi!
556 968 629 1052 Ego
653 989 728 1032 vero

189 1071 248 1137 In
269 1077 418 1138 montes
442 1073 651 1157 patr1ose
638 1074 720 1137 ad
742 1075 976 1138 incunabula
998 1073 1154 1138 nostra
1199 1100 1232 1137 10

161 1216 302 1279 pergam.
348 1195 504 1280 Denique,
528 1197 556 1260 si
580 1196 667 1260 solus
690 1218 758 1260 non
780 1201 926 1282 potuero,
949 1218 1023 1260 oum
1046 1197 1183 1261 rusticis

160 1284 271 1367 potius
287 1306 383 1367 quam
398 1307 471 1348 3313
484 1283 536 1348 his
551 1284 751 1369 perurbanis,
765 1285 812 1348 ita
826 1289 944 1369 tamen,
957 1288 1005 1369 31,
1024 1285 1183 1368 quoniam

161 1375 199 1434 13
226 1373 306 1436 33111
326 1372 411 1436 nihil
435 1372 563 1457 scribis,
589 1373 625 1435 13
647 1371 819 1436 Formiano
843 1372 906 1436 tibi
928 1372 1109 1455 praestoler
1127 1395 1183 1436 us·
1274 1387 1275 1460 J

162 1481 224 1543 que
248 1460 288 1524 ad
309 1478 350 1524 111
372 1459 484 1525 Nonas
507 1460 618 1524 Maias.
1274 1461 1275 1464 ’

229 1547 397 1613 Terentiae
419 1553 570 1632 pergrata
598 1552 647 1612 est
673 1548 849 1612 adsiduitas
872 1553 930 1612 133
952 1551 985 1612 31
1008 1547 1182 1632 diligentia
1196 1574 1224 1614 15

158 1636 196 1698 in
210 1637 428 1702 controversia
442 1635 614 1700 Mulriana.
645 1635 757 1700 Nescit
777 1636 906 1701 omnino
926 1639 959 1700 te
973 1657 1181 1700 communem
1274 1691 1275 1694 ,

158 1745 291 1788 causam
310 1725 476 1790 defendere
495 1746 616 1809 eorum,
635 1724 691 1806 qui
705 1744 800 1808 agros
814 1724 961 1807 publicos
975 1723 1180 1807 possideant,

159 1812 217 1876 sed
249 1817 359 1876 tamen
384 1817 422 1877 tu
450 1811 572 1894 3113311
601 1812 781 1895 publicanis
809 1812 936 1896 pendis,
965 1811 1046 1875 haee
1078 1811 1180 1875 etiam

160 1900 194 1963 id
220 1905 355 1964 recusat.
401 1901 451 1965 Ea
478 1899 541 1963 tibi
568 1899 670 1983 igitur
698 1903 730 1964 et
753 1899 919 1986 Κικέρων,
948 1898 1180 1985 ἀριστοκρατι-

158 1989 305 2063 κώτατος
327 1999 414 2071 παῖς,
438 1986 576 2052 33131313
600 1987 718 2051 dieunt.
1194 2015 1223 2052 ao

622 2143 708 2208 XVI.
832 2146 833 2150 ’

316 2247 374 2302 Ser.
394 2248 424 2300 13
443 2248 653 2302 Formianum.
673 2266 706 2302 31.
728 2249 810 2303 Maio
828 2266 854 2302 a.
874 2251 929 2302 695
948 2250 1018 2316 (59).

482 2351 609 2407 CICERO
628 2352 761 2408 ATTICO
782 2353 855 2408 SAL.

123 2476 140 2524 1
228 2457 350 2523 Cenato
383 2460 465 2523 mihi
497 2462 570 2525 31
560 2484 626 2525 1331
658 2461 835 2525 dormitant
779 2461 848 2525 anti
877 2460 979 2545 pridie
1005 2460 1045 2526 Κ
1071 2460 1176 2526 Maias

162 2546 301 2630 epistula
334 2550 383 2609 est
414 2548 471 2611 illa
502 2549 677 2634 reddit,a
668 2571 704 2612 1n
726 2571 798 2700 ,qua
830 2549 869 2612 de
900 2569 999 2699 agm't
1010 2547 1176 2633 Campano
1192 2576 1219 2616 31

162 2634 284 2698 scribis.
323 2633 407 2710 Quid
426 2637 576 2717 quaeris?
599 2637 704 2720 primo
723 2637 1177 2737 113133333331131-3313

161 2743 240 2785 num
270 2722 352 2786 mihi
382 2722 637 2808 313133111,331
663 2725 696 2788 id
723 2725 830 2808 333113
812 2724 919 2788 311333
946 2724 1050 2810 313313
1078 2747 1177 2807 quam

162 2810 325 2895 molestia3
349 2811 733 2896 33311331133131311333
753 2814 820 2877 fere
839 2812 1075 2876 succurrebant.
1108 2812 1177 2878 Pri—

161 2920 252 2961 mum
280 2920 318 2962 ex
346 2921 398 2985 33,
425 2899 512 2982 quod
534 2901 754 2983 superioribus
777 2900 897 2964 litteris
921 2901 1110 2985 scripseras,
1136 2922 1176 2965 cr

161 2986 315 3049 familiari
342 2990 375 3050 te
402 2987 490 3052 illius
521 2988 647 3052 audisse
673 2989 837 3072 prolatum
861 2988 903 3059 iri
926 2988 1061 3072 aliquid,
1090 2988 1218 3072 333133

161 3095 256 3139 nemo
280 3075 487 3160 improbaret,
465 3076 614 3139 tmaius
639 3076 760 3160 aliquid
782 3077 961 3141 timueram
1000 3075 1072 3140 Hoc
1095 3076 1177 3140 mihi

162 3162 231 3226 eius
264 3163 351 3226 modi
383 3184 451 3228 non
479 3127 610 3227 'videbat
596 3168 657 3228 t.ur
713 3163 850 3250 Deinde,
885 3169 923 3229 ut
958 3187 1010 3230 me
1047 3169 1177 3266 egomet

161 3251 322 3335 consoler,
364 3253 469 3316 omnis
506 3253 703 3335 exspectatio
738 3217 923 3338 largitionis
961 3253 1106 3354 agrariae
1142 3253 1177 3316 13

162 3359 277 3441 agrurn
301 3302 501 3423 Campanum
523 3341 650 3405 videtur
673 3362 742 3404 esse
765 3341 920 3427 derivata,
948 3341 1005 3425 qui
1027 3361 1118 3426 ager,
1140 3344 1177 3404 ut

122 3446 124 3452 ’
162 3427 270 3492 dena
260 3449 372 3512 133313
392 3430 468 3514 3131,
489 3450 556 3493 333
575 3428 713 3512 amplius
730 3427 900 3492 hominum
921 3429 1063 3512 quinque
1086 3427 1176 3492 milia
1189 3453 1213 3495 33
