2578 3886
243 204 502 260 EPISTULARUM
520 205 570 258 AD
590 205 755 259 ATTICUM
773 205 825 260 XII
843 205 971 260 5b-6a-
1049 207 1114 271 357

578 415 635 484 VI.

237 540 294 595 Ser.
309 541 342 594 ia
361 541 520 595 Tusculum
538 557 573 594 m.
588 540 682 596 intere
694 546 765 610 post.
780 557 807 595 a.
823 543 879 595 708
899 543 969 608 (46).
1094 585 1095 588 ,

400 663 548 718 CICERO
564 664 713 719 Arrloo
732 663 813 720 SAL.

159 769 212 836 De
230 768 340 835 Caelio
359 771 440 856 vide,
464 794 595 858 quaeso,
616 794 657 836 ne
675 793 758 855 quae
776 771 891 836 lacuna
910 771 954 835 sii
972 772 1008 835 in
1026 790 1150 838 aurei

30 856 167 945 ‘sugo
195 859 261 923 ista
286 881 354 924 non
381 860 466 924 novi.
513 859 576 925 Sed
604 865 690 925 cerie
721 861 756 924 in
784 859 912 924 collubo
941 863 990 924 esi
1019 859 1114 924 deiri-

83 947 197 1012 menii
217 947 304 1012 satis.
337 947 411 1012 Huo
429 971 544 1013 aurum
563 949 592 1012 si
611 948 731 1012 aceedit
746 986 789 994 —
805 947 860 1012 sed
879 947 957 1032 quid
974 948 1114 1032 loquor?

84 1035 142 1101 Tu
166 1035 301 1100 videbis.
346 1034 457 1100 Habes
480 1035 641 1122 Hegesiae
664 1057 776 1122 genus,
806 1036 895 1119 quod
917 1035 1023 1100 Varro
1046 1035 1114 1100 lau-

85 1125 157 1188 dat.
204 1123 310 1187 Venio
343 1124 383 1187 ad
415 1125 664 1208 Tyrannionem.
707 1123 776 1188 Ain
807 1125 867 1188 iu?
907 1145 1021 1189 verum
1052 1124 1149 1189 hoca

83 1211 167 1297 fuit,
197 1212 267 1276 sine
294 1211 368 1276 me?
404 1211 450 1277 At
474 1234 534 1298 ego
563 1213 728 1298 quomens,
755 1233 828 1276 eum
851 1233 955 1277 essem
979 1213 1114 1297 otiosus,

37 1327 69 1368 ro
85 1301 164 1365 sine
186 1303 219 1364 ie
243 1303 353 1364 tamen
373 1301 487 1364 nolui?
524 1300 595 1376 Quo
617 1301 714 1365 modo
732 1299 795 1364 hoe
813 1322 891 1386 ergo
909 1301 1002 1364 lues?
1038 1299 1113 1366 Uno

86 1389 226 1472 seilic‘ei,
251 1389 279 1452 si
301 1388 383 1452 mihi
406 1387 526 1452 librum
550 1389 692 1473 miseris3
716 1389 803 1471 quod
825 1392 863 1451 ui
883 1389 992 1472 facias,
1016 1389 1113 1453 eiiam

87 1482 192 1562 atque
215 1475 313 1541 etiam
336 1497 426 1561 rogo.
471 1476 548 1540 Etsi
569 1499 622 1541 me
643 1498 712 1542 non
734 1476 838 1560 magis
860 1475 945 1541 liber
969 1477 1040 1560 ipse
1063 1477 1114 1540 de·

81 1563 241 1647 iactabit,
270 1586 367 1649 quam
395 1569 452 1628 ius
482 1565 655 1628 admiratio
684 1563 863 1628 delectavit.
913 1565 999 1628 Amo
1027 1564 1113 1628 enim

86 1655 202 1719 πάντα
229 1654 452 1737 φιλειὸήμονα
479 1656 576 1736 teque
598 1653 696 1716 istam
719 1656 787 1716 tam
810 1656 941 1715 tenuem
964 1657 1114 1735 θεωρίαν

42 1765 72 1808 rs
87 1746 161 1806 tarn
190 1739 283 1804 valde
312 1740 507 1804 admiratum
531 1762 600 1805 esse
624 1741 757 1825 gaudeo.
802 1739 879 1803 Etsi
901 1743 959 1803 tua
983 1739 1113 1822 quidem

88 1833 170 1895 suni
194 1829 262 1892 eius
286 1829 375 1893 modi
399 1829 514 1893 omnia.
562 1826 650 1893 Scire
674 1829 760 1892 euim
782 1828 846 1913 vis3
870 1849 934 1911 quo
958 1849 1023 1891 uno
1048 1828 1114 1891 aui-

85 1940 166 1984 mus
190 1917 298 1981 aliiur.
345 1916 416 2000 Sed,
445 1938 575 2003 quaeso,
598 1916 676 2000 quid
699 1937 738 1980 ex
761 1916 825 1980 isia
847 1920 943 1979 eeuia
965 1919 998 1979 ei
1022 1916 1113 2000 gravi

87 2007 232 2070 refertur
254 2005 295 2069 ad
317 2004 431 2081 τέλοςῗ

160 2091 224 2157 Sed
250 2093 350 2178 longa
377 2092 483 2157 oraiio
511 2096 573 2178 est,
602 2097 634 2156 et
662 2095 700 2155 iu
728 2095 902 2173 occupatus
930 2111 961 2156 as
983 2090 1019 2154 in
1040 2112 1112 2156 meo

44 2208 74 2248 so
88 2183 232 2246 foriasse
260 2181 369 2265 aliquo
396 2181 540 2266 negotio.
586 2181 631 2244 Et
658 2202 718 2264 pro
746 2180 812 2244 isio
841 2201 913 2243 asso
938 2179 1020 2264 sole,
1048 2201 1113 2262 quo

89 2276 129 2335 tu
158 2270 280 2334 abusus
308 2291 342 2333 es
370 2269 406 2333 in
431 2274 545 2333 nostro
573 2268 718 2352 pratulo,
746 2291 765 2332 a
791 2272 825 2331 te
847 2267 988 2331 nitidum
1012 2268 1113 2331 solem

89 2363 290 2443 unctumque
308 2361 498 2441 repetemus.
532 2355 595 2421 Sed
613 2357 653 2420 ad
671 2357 775 2441 prima
793 2355 897 2420 redeo.
926 2354 1070 2441 Librum,
1085 2357 1113 2419 si

89 2469 144 2512 me
176 2468 280 2534 amas,
311 2446 414 2510 miiie.
460 2445 549 2509 Tuus
583 2447 633 2508 esi
659 2445 745 2508 enim
772 2445 932 2529 profecto,
960 2444 1113 2527 quoniam

91 2534 223 2619 quidem
246 2538 295 2599 esi
313 2533 432 2598 missus
456 2533 497 2597 ad
519 2537 560 2597 ie.

47 2707 76 2777 as
563 2705 644 2772 Vla.

236 2830 294 2886 Sor.
309 2831 342 2883 ia
357 2830 517 2884 Tusculano
535 2845 570 2882 m.
585 2828 680 2883 intere.
692 2835 762 2897 post.
778 2846 804 2883 a.
821 2831 877 2883 708
897 2831 967 2896 (46).

398 2950 544 3006 CICERO
561 2950 709 3006 ATTICO
726 2950 810 3006 SAL.

114 3061 322 3145 ‘Chremem
349 3064 557 3126 tantumne
583 3059 628 3124 ab
656 3061 696 3123 re
724 3062 790 3123 tua
818 3063 876 3123 est
905 3056 966 3123 oti
992 3058 1095 3144 iibi’,
1131 3074 1209 3122 (VIS)

91 3173 129 3232 ui
159 3167 259 3231 etiam
282 3164 452 3230 Oratorem
480 3165 593 3250 legas?
635 3163 742 3228 Manio
764 3165 899 3229 virture!
941 3163 1025 3228 Mihi
1044 3165 1112 3246 qui-

51 3283 79 3324 ao
92 3257 165 3321 dem
198 3259 342 3341 graium,
375 3253 407 3318 ei
435 3253 496 3317 erit
524 3252 665 3337 gratius,
701 3252 729 3316 si
757 3274 825 3316 non
851 3251 948 3316 modo
977 3251 1012 3314 in
1044 3252 1110 3315 iuis

91 3345 196 3427 libris,
220 3343 275 3407 sed
298 3343 397 3406 eiiam
420 3341 456 3405 in
474 3340 613 3405 aliorum
631 3363 689 3424 per
707 3341 859 3405 librarios
879 3344 954 3403 tuos
975 3338 1112 3403 ‘Aristo-

92 3431 243 3518 phanem’
266 3431 449 3515 reposueris
480 3450 540 3512 pro
565 3428 718 3512 ‘Eupoli'.
756 3427 874 3494 Caesar
898 3431 1005 3490 autem
1028 3426 1111 3490 mihi
1133 3443 1149 3490 2
1170 3445 1200 3493 (4)

92 3521 226 3586 irridere
244 3520 334 3583 visus
353 3523 404 3583 esi
423 3517 567 3601 ‘quaeso’
586 3516 668 3580 illud
686 3521 788 3600 buum,
813 3514 987 3599 quoderat
1006 3518 1038 3578 ei
1055 3514 1111 3579 ,εὐ-
