2560 3880
261 155 518 210 EPISTULARUM
536 155 585 208 AD
604 154 768 209 ATTICUM
785 155 850 208 XVI
867 160 945 209 3-5.
1041 155 1107 218 499

164 297 231 362 Iter
248 299 329 362 illud
342 297 584 382 Brundisinum,
597 297 636 361 de
655 319 719 380 quo
734 297 930 382 dubitabam,
944 298 1108 366 sublatum
1125 314 1144 362 4

96 387 232 452 videtur.
270 385 429 471 Legiones
452 386 538 449 enim
562 385 732 449 adventare
752 385 909 448 dicuntur.
945 385 1034 450 Haec
1052 407 1108 448 au-

96 480 163 538 tem
181 475 346 558 navigatio
366 474 465 536 habet
479 473 632 556 quasdam
652 473 849 556 suspiciones
867 473 1008 556 periculi.
1045 471 1108 537 Ita·

98 559 160 646 que
175 562 411 626 constituebam
425 562 475 624 uti
490 561 660 646 ὁμοπλοίᾳ.
678 559 875 624 Paratiorem
890 561 974 624 enim
989 561 1107 624 offendi

71 677 84 717 s
99 651 248 736 Brutum,
262 671 358 732 quam
374 649 551 713 audiebam.
574 648 660 713 Nam
674 653 706 713 et
721 649 790 731 ipse
804 655 833 713 et
845 648 1009 712 Domitius
1023 649 1109 712 bona

96 739 192 822 plane
218 738 316 802 habet
345 738 482 822 dicrota,
512 741 650 819 suntque
677 736 807 820 navigia
835 739 998 819 praeterea
1020 736 1107 799 lucu-

96 827 185 890 lenta
210 824 304 909 Sesti,
326 825 495 909 Buciliani,
518 828 705 888 ceterorum.
741 822 826 887 Nam
850 822 941 888 Cassi
964 824 1108 907 classem,

97 935 179 996 quae
202 913 297 996 plane
319 913 406 977 bella
430 917 488 996 est,
509 935 576 976 non
597 934 730 976 numero
754 913 842 975 ultra
859 913 986 976 fretum.
1023 910 1108 975 Illud

97 1006 146 1065 est
169 1001 250 1064 mihi
274 1002 516 1084 submolestum,
545 1000 632 1082 quod
654 1022 769 1083 parurn
792 999 913 1064 Brutus
936 1020 1107 1082 properare

54 1118 82 1156 10
97 1089 231 1153 videtur.
283 1087 427 1152 Primum
463 1088 681 1152 confectorum
711 1088 861 1151 ludorum
892 1087 1024 1152 nuntios
1057 1108 1108 1149 ex·

98 1181 236 1261 spectat,
265 1177 391 1262 deinde,
419 1179 575 1260 quantum
597 1175 766 1260 intellego,
793 1176 883 1239 tarde
907 1179 957 1240 est
978 1175 1108 1258 naviga-

97 1269 192 1329 turus
225 1266 403 1329 consistens
433 1265 469 1328 in
497 1264 576 1327 locis
605 1264 762 1346 pluribus.
814 1263 935 1327 Tamen
965 1263 1108 1326 arbitror

97 1375 167 1417 esse
190 1353 388 1416 commodius
411 1351 501 1415 tarde
524 1351 677 1435 navigare
701 1372 798 1433 quam
821 1351 951 1414 omnino
970 1373 1037 1414 non
1054 1372 1109 1413 na·

97 1441 223 1526 vigere,
251 1445 296 1526 11,
324 1441 365 1524 11,
396 1461 468 1503 cum
495 1439 760 1525 processerimus,
787 1439 1003 1522 exploratiora
1025 1438 1109 1502 vide·

30 1525 35 1534 ’
54 1530 229 1614 rabuntur,
252 1528 360 1593 etesiis
384 1527 530 1592 utemur.=

582 1700 623 1766 V.

244 1823 346 1878 1111111
365 1823 517 1878 Puteolano
541 1822 603 1878 VII
616 1822 659 1876 Id.
677 1821 770 1890 Quint.
785 1839 812 1876 a.
828 1824 881 1876 710
901 1823 968 1888 (44).

402 1945 547 2000 CICERO
564 1943 710 1998 ATTICO
728 1944 810 1999 SAL.

165 2054 250 2118 Tuas
273 2055 337 2118 iam
359 2053 487 2117 litteras
510 2052 632 2116 Brutus
651 2051 864 2134 exspectabat.
902 2049 962 2115 Cui
981 2051 1143 2133 quidemr

56 2172 83 2210 ao
99 2164 159 2228 ego
182 2163 249 2208 non
271 2164 391 2206 novum
415 2141 587 2205 attuleram
605 2140 643 2203 de
657 2139 758 2203 Tereo
771 2137 858 2204 Acci.
894 2137 953 2202 Ille
972 2139 1109 2203 Brutum

97 2231 243 2315 putabat.
297 2227 359 2294 Sed
388 2232 496 2294 tamen
524 2227 663 2293 rumoris
692 2227 799 2291 nescio
830 2227 908 2310 quid
937 2227 1110 2291 adflaverat

98 2318 325 2383 commissione
349 2313 545 2381 Graecorum
567 2315 782 2399 frequentiam
803 2336 871 2378 non
888 2315 1001 2399 fuisse,
1024 2315 1111 2398 quod

99 2407 229 2490 quidem
259 2427 310 2470 mc
337 2405 469 2469 minime
496 2405 625 2488 fefellit3
659 2404 721 2467 scis
749 2403 848 2489 enim,
880 2403 957 2486 quid
984 2423 1044 2487 ego
1071 2403 1110 2466 de
1173 2454 1175 2459 .

99 2494 230 2558 Graecis
252 2493 339 2557 ludis
362 2493 551 2556 existimem.

55 2610 84 2650 25
166 2579 261 2646 Nunc
285 2581 368 2666 audi,
391 2580 477 2663 quod
499 2580 602 2663 pluris
626 2583 675 2642 est
698 2601 796 2662 quam
819 2578 933 2642 omnia.
971 2577 1108 2653 Quintus
1128 2596 1145 2642 a

98 2671 163 2734 fuit
189 2691 313 2734 mecum
336 2669 403 2732 dies
426 2668 620 2751 complures,
648 2671 694 2752 11,
727 2667 754 2730 si
777 2685 837 2750 ego
860 2687 1023 2752 cuperem,
1053 2666 1109 2729 ille

99 2759 151 2823 vel
174 2759 282 2840 plures
304 2756 432 2840 fuisset3
466 2755 530 2842 sed,
552 2777 649 2838 quam
671 2755 726 2818 diu
748 2754 822 2840 fuit,
843 2754 1028 2817 incredibile
1051 2758 1110 2839 111,

101 2869 197 2930 quam
221 2867 272 2909 me
295 2845 330 2909 in
353 2845 440 2908 omni
463 2863 578 2928 genere
602 2841 767 2906 delectarit
789 2843 823 2905 in
843 2863 943 2925 eoque
961 2842 1110 2927 maxime,
1142 2863 1144 2868 ’

100 2935 136 2998 in
163 2954 226 3016 quo
254 2933 385 2996 minime
413 2932 492 2996 satis
519 2930 665 2994 faciebat.
711 2927 764 2993 Sic
786 2930 871 2994 enim
894 2933 1109 2995 commutatus

56 3025 151 3090 coest
175 3025 264 3085 totus
287 3024 319 3085 et
339 3020 466 3103 scriptis
485 3019 564 3083 meis
585 3018 786 3104 quibusdam,
809 3019 942 3101 quaein
959 3017 1108 3080 manibus

100 3110 269 3194 habebam,
291 3112 324 3172 11
347 3108 539 3172 adsiduitate
558 3107 713 3171 orationis
733 3111 765 3170 et
784 3105 971 3190 praeceptis,
994 3107 1031 3167 ut
1049 3103 1109 3188 tali

100 3197 208 3260 animo
236 3198 272 3261 in
297 3196 567 3280 rempublicam,
597 3195 685 3277 quali
706 3215 766 3258 nos
790 3194 952 3277 volumus,
978 3192 1109 3254 futurus

101 3285 154 3349 sit.
190 3283 262 3348 Hoc
290 3306 362 3349 cum
384 3284 465 3348 mihi
488 3305 553 3347 non
570 3283 665 3346 modo
685 3282 914 3364 confirmasset,
938 3279 1110 3342 sedetiam

100 3373 329 3458 persuasisset,
357 3373 423 3456 egit
451 3393 574 3435 mecum
597 3374 742 3434 accurate
764 3370 876 3433 multis
898 3368 1020 3451 verbis,
1047 3367 1110 3431 tibi

57 3488 85 3529 aa
100 3464 139 3525 ut
162 3461 350 3543 sponderem
374 3481 408 3524 se
430 3460 563 3544 dignum
586 3463 618 3522 et
641 3462 675 3522 11
697 3462 730 3521 11
752 3457 846 3521 nobis
870 3456 1030 3540 futurum,
1057 3477 1111 3518 ne·

898 3557 950 3612 32*
