2568 3888
315 143 576 199 EPISTULARUM
594 144 643 198 AD
663 143 827 198 ATTIOUM
846 145 858 198 l
877 150 920 199 20.
1084 145 1125 209 37

92 287 184 353 Mihi
217 309 296 354 vcro
329 293 367 353 ut
403 288 569 353 invideant
601 287 768 371 piscinarii
803 287 922 374 nostri,
959 292 1015 353 aut
1052 289 1127 354 scri-

94 377 177 441 bam
210 377 252 440 ad
284 380 317 440 te
350 377 430 441 alias
463 379 519 441 aut
550 377 585 440 in
615 397 824 462 congressum
851 380 1000 441 nostrum
1016 399 1128 442 reser-

95 465 195 530 vabo.
252 463 285 528 A
317 465 407 529 curia
444 468 552 529 autem
587 465 679 529 nulla
714 486 766 529 me
803 486 854 530 res
892 465 1036 550 divellet,
1076 466 1128 530 vel

99 553 190 638 quod
223 553 273 617 ita
303 558 429 617 rectum
462 556 524 638 est,
556 553 608 617 vel
641 553 727 636 quod
757 553 853 618 rebus
881 554 962 618 meis
989 554 1128 619 maxime

68 646 365 728 sconsentaneum,
389 641 443 706 vel
462 641 557 726 quod,
580 664 599 704 a
618 646 732 706 senatu
752 641 866 725 quanti
887 641 973 727 fiam,
995 641 1130 706 minime

100 751 154 794 me
177 730 332 813 paenitet.

169 816 223 882 De
246 815 421 903 Sicyoniis,
447 820 486 882 ut
509 817 549 880 ad
571 820 605 881 te
628 817 743 900 scripsi
766 822 874 903 antea,
898 838 966 882 non
987 818 1163 885 multumt

102 907 174 989 spei
198 909 249 970 est
271 905 306 970 in
330 909 457 991 senatu3
478 926 574 969 nemo
598 909 648 969 est
669 905 763 992 eninr,
785 906 871 970 idem
890 906 946 991 qui
965 911 1142 992 queratur·

101 993 226 1080 Quare,
254 994 283 1058 si
309 994 344 1058 id
372 997 552 1079 exspectas,
578 993 714 1078 longum
738 997 797 1078 est3
829 994 892 1058 alia
917 995 984 1081 via,
1012 995 1041 1059 si
1063 1016 1128 1079 qua

58 1110 88 1148 ιο
101 1086 214 1168 potes,
240 1103 359 1167 pugna.
406 1081 489 1147 (lum
516 1084 566 1146 est
593 1085 715 1167 actum,
741 1103 846 1166 neque
872 1083 1128 1148 animadversum

101 1173 165 1255 est,
195 1170 237 1234 ad
261 1190 342 1253 quos
364 1170 555 1255 pertineret,
584 1173 615 1234 et
638 1170 759 1253 raptim
781 1171 815 1234 in
840 1191 910 1234 eam
933 1172 1128 1236 sententiam

100 1257 229 1342 pedarii
261 1262 478 1323 cucurrerunt.
530 1255 706 1322 ludueendi
734 1263 864 1323 senatus
895 1260 1035 1325 consulti
1061 1283 1128 1324 ma-

100 1347 223 1410 turitas
246 1347 391 1410 nondum
414 1349 477 1432 est,
508 1346 595 1430 quod
616 1367 722 1430 neque
745 1351 835 1434 sunt,
863 1348 919 1431 qui
942 1352 1128 1434 querantur,

102 1440 136 1499 et
164 1434 264 1498 multi
292 1435 412 1518 partim
434 1435 673 1520 malevolentia,
702 1436 822 1518 partim
846 1435 998 1518 opinione
1021 1437 1128 1522 aequi-

63 1549 89 1590 15
102 1523 185 1587 tatis
214 1522 422 1588 delectantur.
468 1521 620 1587 Metellus
648 1527 724 1587 tuus
753 1527 800 1588 est
829 1524 978 1609 egregius
1001 1527 1162 1611 oonsul;5

102 1633 207 1675 unum
235 1611 447 1697 reprehendo,
475 1611 562 1694 quod
589 1611 693 1675 otium
719 1612 865 1676 nuntiari
888 1633 906 1676 e
930 1610 1035 1676 (tallia
1060 1634 1129 1678 non

102 1720 224 1784 magno
253 1720 349 1782 opere
371 1699 497 1784 gaudet.
545 1696 653 1784 Cupit,
676 1700 779 1786 credo,
801 1699 1010 1783 triumphare.
1056 1701 1128 1766 Hoc

104 1787 222 1852 vellem
246 1787 454 1873 mediocrius3
477 1791 582 1851 cetera
606 1787 743 1872 egregia.
780 1786 859 1851 Auli
879 1787 967 1852 filius
985 1810 1061 1852 vero
1081 1789 1129 1853 ita

105 1896 139 1941 sc
166 1876 267 1961 gerit,
294 1879 332 1939 ut
361 1876 429 1940 eius
457 1875 644 1940 consulatus
671 1896 740 1940 non
766 1875 954 1940 consulatus
983 1877 1039 1961 sit,
1073 1877 1128 1941 sed

68 1989 92 2028 ao
105 1964 219 2048 Magni
241 1964 347 2028 nostri
369 1964 532 2030 ὑπώπιον.

172 2051 223 2116 De
245 2052 326 2116 meis
351 2052 479 2135 scriptis
502 2052 578 2116 misi
601 2053 642 2116 ad
664 2056 697 2116 te
717 2050 837 2116 Graece
857 2053 1036 2136 perfeetum
1054 2072 1163 2120 con-e

105 2141 251 2205 sulatum
273 2161 390 2205 meum.
436 2140 523 2204 Eum
545 2140 667 2205 librum
689 2138 724 2204 L.
745 2138 895 2205 Cossinio
920 2141 1000 2206 dedi.
1042 2140 1126 2206 Puto

105 2233 137 2293 te
155 2227 284 2293 Latinis
307 2228 389 2293 mois
413 2228 573 2314 delectari,
595 2229 672 2293 huic
686 2231 804 2292 autem
828 2226 949 2294 Graeco
970 2227 1129 2295 Graecum

104 2317 256 2381 invidere.
307 2315 376 2384 Alii
406 2317 435 2380 si
467 2317 668 2401 scripserint,
705 2316 872 2381 mittemus
909 2319 949 2381 ad
980 2321 1026 2404 te3
1064 2319 1129 2405 sed,

69 2405 187 2470 etmihi
211 2405 316 2490 crede,
340 2405 437 2469 simul
461 2409 559 2490 atque
580 2405 643 2469 hoc
665 2409 815 2469 nostrum
837 2405 994 2491 legerunt,
1019 2407 1127 2471 nescio

106 2514 170 2578 quo
198 2497 294 2577 pacto
322 2493 536 2558 retardantur.
581 2491 690 2576 Nunc,
718 2496 756 2557 ut
780 2493 910 2559 adrem
932 2516 1037 2559 meam
1059 2495 1163 2562 red-r

106 2603 184 2666 eam,
207 2579 243 2646 L.
267 2580 417 2664 Papirius
440 2580 572 2667 Paetus,
594 2582 645 2645 vir
668 2582 773 2646 bonus
797 2586 986 2666 amatorque
1008 2586 1129 2667 noster,

105 2670 187 2734 mihi
209 2669 314 2734 libros
338 2690 407 2756 cos,
435 2691 517 2753 quos
541 2667 607 2734 Ser.
632 2667 787 2734 Claudius
810 2670 958 2755 reliquit,
987 2670 1127 2736 donavit.

107 2756 189 2822 Cum
217 2757 300 2822 mihi
327 2779 384 2841 per
411 2758 516 2842 legem
544 2755 689 2822 Cinciam
719 2757 816 2822 licere
848 2779 961 2842 capere
989 2756 1129 2846 Cincius,

71 2846 228 2910 comicus
253 2849 347 2930 tuus,
374 2845 506 2930 diceret,
528 2845 669 2910 libenter
692 2846 759 2909 dixi
781 2868 833 2911 me
857 2851 1077 2934 accepturum,
1100 2849 1129 2912 si

107 2935 281 2999 attulisset.
327 2932 433 3019 Nunc,
456 2935 485 2998 si
508 2955 560 2998 me
584 2956 683 3020 amas,
706 2935 735 2998 si
757 2936 790 2999 te
814 2957 833 2999 a
855 2956 907 2999 me
930 2936 1032 2999 amari
1056 2936 1128 3022 scis,

106 3023 227 3088 enitere
251 3043 309 3106 per
332 3023 461 3109 amieos,
484 3022 628 3108 clientes,
649 3022 807 3108 hospites,
829 3023 966 3087 libertos
990 3023 1129 3106 denique

106 3133 141 3176 ae
172 3131 286 3176 servos
319 3112 408 3196 tuos,
439 3113 477 3174 ut
510 3111 596 3174 scida
624 3132 666 3174 ne
699 3131 763 3194 qua
794 3111 956 3196 depereat3
987 3133 1063 3176 nam
1095 3114 1129 3176 et

106 3199 236 3265 Graecis
260 3198 302 3262 iis
325 3198 430 3284 libris,
454 3220 535 3283 quos
560 3199 715 3284 suspicor,
740 3203 772 3262 et
794 3198 931 3284 Latinis,
954 3220 1036 3283 quos
1061 3199 1127 3264 scio

70 3289 197 3354 suillum
234 3287 419 3372 reliquisse,
455 3286 537 3350 mihi
574 3287 781 3352 vehementer
821 3308 902 3370 opus
943 3290 999 3351 cst.
1054 3287 1127 3370 Ego

105 3382 214 3442 autem
251 3374 370 3439 cotidie
405 3375 524 3460 magis,
560 3375 647 3459 quod
678 3374 762 3438 mihi
796 3375 834 3438 de
868 3375 990 3438 forensi
1016 3375 1128 3438 labore

104 3464 262 3550 temporis
291 3463 400 3549 datur,
427 3463 463 3526 in
488 3463 530 3527 iis
559 3463 676 3527 studiis
699 3463 900 3546 conquiesco.
953 3461 1015 3525 Per
1037 3460 1128 3543 mihi,
