2616 3884
321 144 578 199 EPISTULARUM
595 145 645 198 AD
664 144 826 200 ATTIOUM
843 146 895 199 Vll
914 152 937 202 3.
1069 147 1133 212 195

124 289 332 354 ‘Piraeum'
346 286 411 376 (sio
432 287 516 352 enim
536 308 645 352 omnes
662 289 768 352 nostri
786 289 887 353 locuti
905 287 1015 376 sunt),
1038 312 1134 374 quam

125 378 212 462 quod
235 377 407 441 addiderim
432 376 512 440 ‘ia'.
558 373 633 440 Non
656 377 741 440 enim
763 376 824 441 hoo
846 381 884 440 ut
905 379 1022 462 oppido
1045 401 1134 462 prae

124 467 234 552 posui,
266 466 321 530 sed
349 468 386 528 ut
411 464 491 528 loeo.
536 464 582 527 Et
612 468 721 529 tamen
746 463 923 548 Dionysius
954 471 1065 530 noster
1092 471 1134 553 et,

126 554 183 638 qui
206 557 255 618 est
277 553 458 636 nobiseum,
484 551 595 617 Nicias
620 550 705 617 Cous
732 573 799 617 non
820 553 952 618 rebatur
980 554 1132 637 oppidum

21 677 22 682 κ
97 663 195 706 nesse
217 641 356 706 Piraeea.
402 640 464 706 Sed
487 640 526 704 de
549 661 586 704 eo
609 640 726 705 videro.
773 639 930 706 Nostrum
954 643 1081 726 quidem
1105 642 1133 706 si

126 734 175 794 est
197 734 371 815 peceatum,
392 729 427 792 in
450 749 487 792 eo
511 731 569 814 est,
592 729 677 811 quod
699 749 765 792 non
787 733 824 794 ut
848 730 887 794 de
908 731 1024 813 oppido
1047 731 1133 794 loeu-

21 891 22 894 ,
125 823 179 970 tous
208 840 296 970 islrjrm,
326 817 382 881 sed
409 820 446 880 ut
475 816 625 902 deloco,
652 820 843 901 secutusque
871 840 943 884 sum
969 839 1035 882 non
1062 819 1131 882 dieo

153 928 208 971 aee
246 929 314 970 um:

192 1029 315 1095 ‘Mane
338 1033 379 1092 ut
403 1050 445 1092 ex
468 1032 583 1112 portu
605 1026 645 1091 1'n
667 1028 857 1093 Piraeum'

20 1196 21 1266 ,
85 1179 112 1216 10
126 1151 248 1238 (malus
277 1153 362 1216 enim
390 1155 501 1216 auctor
527 1150 714 1215 Latinitatis
744 1150 829 1237 est),
861 1152 915 1216 sed
938 1153 1132 1238 Terentium,

127 1242 216 1306 cuius
239 1241 376 1305 fabellae
398 1243 531 1324 propter
550 1239 740 1324 elegantiam
760 1241 916 1305 sermonis
934 1241 1133 1324 putabantur

20 1387 21 1400 .
126 1353 146 1394 a
169 1328 202 1395 Ο.
225 1328 334 1393 Laelio
358 1328 467 1392 scribi:
1141 1322 1144 1335 '

194 1451 302 1516 ‘Heri
328 1451 478 1536 aliquot
510 1449 794 1538 adulescentuli
821 1451 980 1515 eoiimus
1008 1452 1047 1515 in
1072 1451 1132 1516 Pi-

933 1540 1089 1625 raeum’,

87 1654 112 1694 1⁵
127 1634 159 1693 et
181 1628 278 1693 idem:

195 1733 403 1798 ‘Mercator
424 1732 495 1796 hoo
518 1731 694 1817 adde‘bat,
717 1735 863 1814 captam
887 1753 904 1795 e
928 1729 1065 1795 Sunio?

127 1875 247 1952 Quodsi
279 1877 404 1959 δήμους
432 1872 548 1956 oppida
575 1872 723 1936 volumus
752 1893 832 1956 esse,
867 1873 934 1935 tam
963 1875 1011 1935 est
1045 1872 1133 1955 oppi-

126 1965 202 2029 dum
226 1961 361 2027 Sunium
389 1983 484 2045 quam
511 1959 651 2024 Piraeus.
697 1958 770 2045 Sed,
799 1959 950 2043 quoniam
977 1981 1133 2044 gramma·

126 2053 210 2117 tious
238 2073 283 2136 es,
312 2051 340 2114 si
365 2050 427 2114 hoo
453 2048 535 2111 mihi
562 2051 683 2132 ζήτημα
710 2048 914 2132 persolveris,
942 2069 1059 2132 magna
1082 2069 1133 2113 me

90 2167 114 2204 ao
126 2140 275 2206 molestia
295 2137 451 2210 liberaris.

193 2227 252 2292 Ille
273 2227 354 2291 mihi
376 2226 501 2290 litteras
519 2224 653 2289 blandas
675 2225 792 2309 mittit,
815 2224 892 2288 facit
913 2223 997 2288 idem
1015 2247 1075 2309 pro
1095 2245 1131 2289 eo
1151 2239 1184 2290 11
1240 2256 1243 2270 ·

127 2317 255 2382 Balbus.
304 2314 387 2379 Mihi
416 2317 537 2378 eertum
567 2316 616 2377 est
644 2313 684 2377 ab
710 2312 948 2377 honestissuma
975 2313 1133 2377 sententia

129 2405 265 2490 digitum
294 2425 460 2486 nusquam.
507 2399 569 2466 Sed
599 2401 674 2484 seis,
707 2401 756 2465 illi
785 2400 945 2485 reliquum
976 2404 1132 2484 quantum

130 2494 179 2557 sit.
224 2492 366 2556 Putasne
389 2490 489 2575 igitur
511 2489 684 2554 verendum
707 2511 790 2574 esse,
815 2511 856 2553 ne
879 2493 935 2553 aut
959 2489 1077 2552 obiciat
1099 2489 1134 2552 id

92 2605 116 2645 aa
129 2582 221 2646 nobis
246 2579 376 2664 aliquis,
406 2578 434 2642 si
455 2577 653 2664 languidius,
683 2581 739 2641 aut
768 2581 906 2661 repetat,
937 2577 965 2641 si
993 2577 1132 2641 fortius?

129 2668 211 2746 Quid
240 2668 280 2732 ad
308 2667 387 2731 haee
415 2666 557 2750 reperis?
602 2663 810 2749 ‘Solvamus’,
839 2665 955 2749 inquis.
1000 2662 1134 2750 Age,a

130 2755 237 2822 Caelio
260 2755 488 2820 mutuabimur.
533 2753 604 2818 Hoo
626 2757 664 2817 tu
686 2758 794 2818 tamen
821 2753 1000 2818 consideres
1023 2753 1132 2838 velim3

129 2851 208 2930 puto
232 2845 330 2929 enim,
357 2843 391 2907 in
415 2847 528 2907 senatu
552 2843 579 2906 si
603 2841 729 2926 quando
756 2842 916 2925 praeclare
938 2862 997 2924 pro
1020 2862 1055 2904 re
1077 2864 1133 2925 pu·

129 2935 212 2998 blioa
242 2933 365 3016 dixero,
396 2930 592 2995 Tartessium
624 2931 724 2994 istum
755 2933 848 2993 tuum
879 2929 960 2993 mihi
992 2929 1133 2994 exeunti:

92 3047 117 3086 eo
130 3021 219 3086 ‘Iube
243 3021 334 3085 sodes
357 3041 505 3084 nummos
528 3017 658 3083 curare.²

195 3109 278 3186 Quid
310 3108 475 3192 superest?
520 3107 636 3171 Etiam.
692 3104 795 3171 Gener
825 3110 875 3170 est
907 3105 1013 3170 suavis
1045 3104 1134 3190 mihi,
1154 3120 1185 3168 12

129 3199 263 3283 Tulliae,
285 3197 459 3261 Terentiae.
500 3194 710 3270 Quantumvis
733 3195 785 3259 vel
806 3194 928 3278 ingenii
951 3192 1002 3257 vel
1023 3192 1133 3257 huma-

129 3287 251 3370 nitatis,
273 3286 393 3370 †satis;
415 3284 548 3368 reliqua,
566 3306 646 3368 quae
665 3284 761 3369 nosti,
778 3283 915 3346 ferenda.
952 3279 1021 3344 Seis
1040 3281 1134 3365 enim,

131 3397 211 3459 quos
234 3374 485 3459 †aperierimus.
532 3371 593 3448 Qui
617 3393 725 3435 omnes
749 3375 875 3454 praeter
898 3392 985 3451 eum,
1009 3368 1046 3430 de
1070 3389 1133 3450 quo

93 3487 117 3529 as
130 3486 186 3547 per
208 3467 242 3527 te
265 3462 401 3547 egimus,
428 3462 559 3546 †reum
581 3482 632 3523 me
654 3460 755 3523 faeere
777 3462 896 3521 rentur.
942 3454 1025 3539 Ipsis
1049 3455 1134 3518 enim

923 3559 974 3610 13*
