2578 3886
169 143 234 207 372
488 143 527 197 M.
547 141 656 196 TULLI
675 139 866 196 CICERONIS

628 371 730 436 XXV.

368 493 426 550 Ser.
441 493 562 548 Actum
581 493 651 546 XII
665 493 703 546 K.
718 492 789 561 Apr.
804 509 830 546 a.
847 497 903 546 709
922 495 992 560 (45).

477 615 622 671 CICERO
640 615 787 670 ATTICO
806 614 890 670 SAL.

137 744 151 791 1
241 724 379 808 Scripsit
407 725 448 788 ad
477 745 528 788 me
551 724 724 808 diligenter
748 723 839 789 Sicca
862 722 900 787 de
925 721 1006 787 Silio
1031 744 1128 807 seque
1149 722 1198 786 sd

172 820 206 880 te
235 835 305 878 rem
328 813 496 897 detulisse3
528 811 616 895 quod
638 816 676 876 tu
698 811 784 876 idem
808 811 932 875 scribis.
979 810 1063 874 Mihi
1086 815 1117 876 et
1138 832 1196 874 res
1226 837 1238 876 ⁵
1268 831 1269 890 ᾗ

173 907 206 967 et
230 901 375 966 condicio
398 900 519 984 placet,
542 901 599 964 sed
621 900 682 984 ita,
704 903 742 964 ut
765 903 935 964 numerato
958 899 1073 963 malim
1095 920 1198 983 quam
1268 939 1269 956 1

174 989 407 1055 aestimatione.
445 987 656 1071 Voluptarias
681 989 767 1051 enim
791 987 1012 1071 possessiones
1035 988 1125 1052 nolet
1142 986 1196 1051 Si·
1268 981 1269 1050 l

173 1079 251 1163 lius5
273 1076 488 1161 vectigalibus
513 1080 621 1140 autem
643 1079 681 1140 ut
699 1075 751 1141 his
770 1098 905 1159 possum
923 1097 994 1140 esse
1012 1079 1196 1157 contentus
1268 1077 1269 1100 l

175 1188 257 1250 quae
278 1165 393 1249 habeo,
416 1165 463 1228 sic
485 1165 540 1229 vix
563 1164 754 1228 minoribus.
792 1158 886 1229 Unde
905 1185 982 1249 ergo
1001 1163 1197 1228 numerato?

174 1254 231 1319 Hs
255 1257 303 1318 D‘c
331 1253 490 1336 exprimes
519 1252 559 1317 ab
583 1251 803 1338 Hermogene,
825 1274 899 1317 cum
928 1252 1120 1336 praesertim
1140 1273 1236 1316 nse-10
1268 1295 1269 1340 ,

175 1364 262 1406 cesse
287 1342 358 1427 erit,
381 1345 413 1405 et
436 1340 523 1405 domi
546 1340 638 1404 video
663 1362 732 1404 esse
754 1339 810 1404 HS
830 1344 885 1406 D-c.
922 1339 1080 1424 Reliquae
1102 1361 1198 1425 pecu·

175 1431 248 1495 niae
277 1430 330 1494 vel
351 1452 484 1493 usuram
508 1427 588 1492 Silio
612 1428 802 1515 pendemus,
831 1429 908 1493 dum
932 1452 950 1493 a
973 1427 1121 1514 Faberio,
1142 1428 1197 1492 vel
1268 1467 1269 1494 1

176 1541 249 1582 cum
268 1519 386 1601 aliquo,
406 1518 462 1600 qui
481 1515 617 1580 Faberio
637 1517 742 1601 debet,
760 1517 1084 1600 repraesentabimus.
1120 1517 1197 1580 Erit
1268 1571 1269 1576 ,

176 1607 276 1671 etiam
299 1606 422 1688 aliquid
445 1605 599 1669 alicunde.
638 1604 700 1669 Sed
723 1608 827 1669 totam
846 1628 915 1670 rem
933 1610 971 1669 tu
990 1604 1196 1690 gubernabis

141 1714 156 1760 2
175 1694 348 1759 Drusianis
372 1716 448 1757 vero
466 1693 572 1757 hortis
590 1693 695 1756 multo
716 1698 887 1779 antepono,
909 1715 1014 1776 neque
1034 1697 1111 1758 sunt
1129 1716 1197 1756 um-
1211 1717 1234 1758 rs

147 1861 148 1864 Ἴ
176 1805 274 1866 quam
302 1781 489 1865 comparati.
536 1780 619 1844 Mihi
647 1780 754 1865 crede,
781 1804 846 1846 una
873 1803 924 1845 me
953 1803 1050 1845 causa
1078 1785 1196 1865 movet,

143 1899 145 1903 ·
174 1871 210 1934 in
235 1893 298 1955 qua
321 1871 388 1934 scio
411 1893 462 1934 me
485 1876 710 1953 τετυφῶσθαι.
753 1868 823 1953 Sed,
846 1874 884 1934 ut
906 1869 995 1953 facie,
1020 1870 1197 1954 obsequere

175 1958 251 2023 huic
270 1959 371 2023 errori
390 1980 471 2022 meo.
509 1956 604 2042 Nam,
625 1958 713 2041 quod
733 1958 847 2022 scribis
868 1957 1071 2044 ‘dyydpupu’‚
1091 1962 1197 2022 actum

175 2048 241 2111 iam
265 2047 303 2111 de
325 2047 390 2118 isto
415 2050 478 2131 est3
502 2046 565 2109 alia
587 2046 693 2130 magis
716 2067 844 2129 quaero.

629 2308 746 2374 XXVI.

381 2429 441 2485 Ser.
456 2431 577 2485 Asturae
596 2397 649 2483 XI
663 2431 700 2484 K.
716 2431 787 2499 Apr.
803 2448 828 2485 a.
845 2435 900 2486 709
920 2435 989 2499 (45).

483 2552 629 2608 OIOERO
647 2553 795 2608 ATTICO
813 2553 897 2608 SAL.

143 2682 157 2729 1
245 2659 350 2744 Sicca,
387 2663 425 2722 ut
462 2660 589 2746 scribit,
631 2662 760 2725 etiamsi
795 2660 879 2725 nihil
916 2662 1090 2727 confecerit
1128 2685 1200 2726 cum
1268 2657 1269 2688 l

177 2748 216 2814 A.
237 2747 327 2832 Silio,
351 2752 461 2811 tamen
484 2771 518 2813 se
542 2749 655 2813 scribit
678 2768 703 2814 x
720 2749 793 2813 Kal.
813 2771 883 2815 esse
902 2754 1083 2816 venturum
1122 2751 1199 2815 Tuis

180 2836 446 2919 occupationibus
476 2838 624 2923 ignosco,
652 2859 771 2921 eaeque
794 2838 875 2902 mihi
899 2842 976 2902 sunt
997 2837 1106 2904 notae.
1152 2839 1200 2902 Dc
1213 2860 1233 2902 s

178 2925 347 2988 voluntate
374 2928 446 3009 tua,
473 2929 510 2988 ut
539 2927 636 2990 simul
666 2926 782 3010 simus,
811 2926 863 2990 vel
892 2927 998 2991 studio
1027 2927 1140 3010 potius
1169 2931 1200 2991 et
1268 2929 1269 2998 ἰ

142 3013 355 3096 ecupiditate
382 3013 458 3075 non'
472 3012 595 3078 dubito.
642 3012 691 3078 De
714 3014 809 3079 Nicia
833 3015 919 3097 quod
944 3015 1074 3100 scribis,
1103 3016 1132 3080 si
1155 3015 1201 3079 ita
1268 3015 1269 3018 ’

178 3123 230 3164 me
252 3100 421 3185 haberem,
449 3104 486 3163 ut
509 3101 578 3165 eius
601 3100 806 3166 humanitate
828 3102 894 3166 frui
918 3125 1056 3188 possem,
1080 3103 1116 3166 in
1138 3105 1200 3187 pri-
1268 3177 1269 3184 ἵ

178 3189 241 3252 mis
269 3188 386 3252 vellem
412 3188 506 3251 illum
533 3211 658 3253 mecum
685 3190 813 3254 habere.
862 3188 925 3254 Sed
951 3190 1033 3254 mihi
1057 3191 1198 3256 solitudo
1268 3223 1269 3230 2

179 3280 212 3340 et
244 3298 388 3340 recessus
421 3277 587 3358 provincia
620 3281 677 3341 est.
729 3277 823 3353 Quod
851 3279 927 3362 quia
956 3279 1050 3344 facile
1077 3280 1233 3345 ferebatur
1268 3327 1269 3330 κ

180 3361 283 3446 Sicca,
312 3385 349 3428 eo
378 3364 482 3447 magis
510 3364 603 3427 illum
632 3365 786 3429 desidere.
833 3366 1006 3431 Praeterea
1032 3368 1122 3431 nosti
1145 3366 1199 3432 Ni-

180 3451 246 3514 ciae
278 3453 385 3515 nostri
415 3452 686 3539 imbecillitatem,
716 3453 904 3541 mollitiam,
937 3455 1199 3520 consuetudinem
