2578 3886
247 128 508 184 EPISTULARUM
526 131 575 184 AD
596 129 760 184 ATTICUM
777 130 817 182 Xl
836 135 932 184 9-11,
1031 130 1099 194 335

72 274 220 337 furorem
249 295 289 337 ex
317 271 358 335 iis
387 272 551 357 epistulis,
578 295 658 357 quas
682 273 722 336 ed
744 276 778 336 te
800 273 889 356 misi,
917 273 1097 356 perspicere

72 361 223 446 potuisti.
260 359 351 425 Haec
372 360 436 425 tibi
459 361 564 425 dolori
587 383 657 426 esse
681 364 768 426 certo
793 361 872 443 sci03
895 381 948 424 mc
967 360 1097 444 quidem

74 450 262 514 excruciant
292 452 385 513 et-co
409 449 528 534 magis,
556 449 644 533 quod
666 449 750 513 mihi
772 448 933 513 cumillis
956 470 997 512 nc
1022 470 1097 532 que·

74 538 168 602 rendi
192 537 322 621 quidem
343 536 451 601 locum
473 537 621 601 futurum
643 541 733 621 puto.

45 653 58 692 a
143 625 194 691 Da
223 623 385 690 Africanis
412 625 509 689 rebus
534 626 631 710 longe
660 625 724 690 alia
749 625 859 707 nobis,
892 645 928 688 ac
955 627 992 687 tu
1022 624 1131 687 scri-a

74 735 203 799 pectas,
233 714 435 778 nuntiantur.
480 713 574 778 Nihil
606 713 691 777 enim
723 713 849 777 firmius
878 734 948 776 esse
975 711 1096 794 dicunt,

73 802 159 866 nihil
181 801 337 885 paratius.
373 801 507 866 Accedit
530 801 689 884 Hispania
713 805 745 866 ct
766 802 906 865 alienata
922 799 1029 883 Italia,
1051 799 1095 862 le-

75 890 211 975 gionum
232 911 292 954 nec
314 889 364 954 vis
388 890 499 954 eadem
520 911 579 953 nec
602 890 765 973 voluntas,
786 889 929 953 urbanae
951 910 1002 952 res
1024 910 1095 970 per-

75 978 170 1043 ditae.
217 976 302 1053 Quid
325 981 389 1062 est,
415 978 473 1042 ubi
497 978 705 1062 acquiescam,
732 977 798 1042 nisi
822 999 919 1061 quam
942 977 998 1040 diu
1020 981 1095 1039 tuas

32 1095 60 1132 1o
75 1067 204 1131 litteras
228 1066 325 1151 lego?
362 1064 451 1141 Quae
469 1070 577 1130 essent
595 1067 740 1150 profecto
760 1065 947 1150 crebriores,
970 1065 998 1129 si
1017 1064 1095 1148 quid

74 1154 225 1237 haberes,
258 1176 322 1238 quo
355 1158 486 1236 putares
518 1174 624 1218 meam
649 1154 834 1218 molestiam
860 1153 965 1217 minui
990 1173 1094 1236 posse.

10 1323 11 1326 Ἴ
75 1243 140 1308 Sed
166 1247 277 1306 tamen
298 1246 331 1306 te
353 1262 444 1326 rogo,
463 1246 501 1306 ut
522 1264 563 1307 ne
586 1242 785 1306 intermittas
809 1242 948 1306 scribere
972 1241 1096 1324 adme,

76 1329 230 1415 quicquid
254 1331 324 1414 erit,
352 1352 480 1416 eosque,
504 1330 561 1414 qui
581 1330 663 1394 mihi
685 1334 755 1394 tam
778 1329 949 1394 crudeliter
971 1329 1096 1393 inimici

10 1435 12 1500 J
75 1423 167 1506 sunt,
197 1418 226 1482 si
249 1419 355 1483 odisse
378 1424 575 1504 conpotes,
599 1440 726 1483 accuses
749 1421 867 1500 tamen,
889 1439 958 1481 uon
978 1421 1016 1480 ut
1040 1417 1096 1480 ali-

10 1515 59 1584 frs
74 1507 152 1592 quid
184 1507 349 1591 proficias,
382 1507 438 1570 sed
470 1511 507 1570 ut
536 1507 599 1571 tibi
629 1530 681 1572 me
708 1528 817 1571 carum
846 1527 916 1570 esse
944 1505 1095 1568 sentiant.

10 1657 12 1674 ,
72 1596 173 1660 Plura
197 1595 238 1658 ad
260 1599 293 1660 te
317 1595 465 1679 scribam,
488 1595 516 1659 si
534 1594 616 1658 mihi
635 1595 674 1659 ad
693 1616 746 1659 eas
764 1595 903 1677 litteras,
926 1614 1005 1675 quas
1023 1613 1097 1675 pro-

71 1685 161 1748 xime
185 1683 226 1747 ad
249 1687 282 1748 te
306 1683 387 1770 dedi,
409 1684 621 1766 rescripseris.
667 1682 757 1748 Vale.
802 1699 854 1745 ΧΠ
876 1679 916 1744 Κ.
935 1679 1028 1744 Febr.

561 1859 615 1922 XI.

246 1979 303 2036 Sor.
318 1980 459 2034 Brundisi
481 1979 562 2033 VIII
576 1980 620 2033 Id.
637 1979 725 2033 Mart.
741 1994 766 2032 a.
784 1981 840 2033 ⁷07
859 1979 928 2046 (47).

33 2119 56 2156 ao
400 2101 529 2158 CICERO
548 2101 680 2156 ATTICO
701 2100 776 2155 SAL.

140 2211 317 2276 Confectus
348 2210 414 2275 iam
444 2211 588 2275 cruciatu
617 2211 834 2274 maximorum
861 2209 1024 2292 dolorum,
1056 2225 1132 2274 ner

71 2303 101 2365 si
126 2301 172 2365 sit
196 2299 341 2383 quidem,
375 2300 461 2383 quod
485 2300 525 2363 ad
547 2303 580 2362 te
604 2299 738 2362 debeam
763 2297 918 2383 scribere,
947 2297 1041 2361 facilc
1064 2297 1097 2360 id

71 2388 210 2472 exsequi
233 2388 370 2474 possim,
397 2388 461 2451 hoc
482 2388 606 2472 minus,
634 2387 720 2471 quod
743 2407 795 2450 res
817 2387 908 2450 nulla
932 2389 991 2470 est,
1015 2407 1097 2468 quae

73 2476 247 2542 scribenda
280 2477 337 2559 sit,
369 2497 442 2540 cum
469 2475 662 2559 praesertim
692 2497 733 2539 ne
766 2496 839 2557 spes
869 2474 998 2558 quidem
1030 2474 1098 2536 ulla

34 2591 59 2630 aa
74 2565 267 2629 ostendatur
294 2564 364 2628 fore
391 2564 516 2628 melius.
561 2562 613 2627 Ita
642 2563 707 2626 iam
731 2584 772 2626 ne
794 2565 868 2626 tuas
893 2562 1023 2645 quidem
1044 2561 1098 2625 lit-

74 2657 163 2717 teras
196 2655 361 2736 exspecto,
398 2673 594 2735 quamquam
627 2671 752 2734 semper
785 2649 907 2733 aliquid
937 2650 1097 2734 adferunt,
1161 2652 1164 2659 '

74 2741 164 2824 quod
186 2740 293 2805 velim.
330 2738 434 2814 Quare
457 2744 495 2803 tu
514 2739 643 2823 quidem
662 2738 807 2821 scribite,
830 2759 902 2802 cum
922 2738 996 2820 erit,
1019 2739 1097 2821 quoi

75 2829 140 2893 des.
187 2827 260 2912 Ego
284 2829 350 2891 tuis
375 2828 547 2912 proximis,
576 2849 656 2910 quas
678 2831 789 2890 tamen
811 2826 876 2889 iam
899 2826 1025 2910 pridem
1049 2847 1097 2889 ac-

76 2915 160 3000 cepi,
187 2917 271 2980 nihil
298 2916 401 2980 habeo
435 2915 521 2999 quod
547 2915 736 2999 rescribam3
768 2914 867 2998 longo
892 2914 977 2978 enim
1000 2914 1097 2977 inter·

36 3030 61 3069 co
76 3005 163 3067 vallo
186 3005 279 3068 video
301 3003 474 3068 immutata
493 3024 562 3068 esse
581 3003 703 3088 omnia3
725 3002 783 3065 illa
801 3024 870 3066 esse
888 3002 992 3085 firma,’
1015 3022 1098 3084 quae

76 3093 230 3176 debeant,
264 3113 326 3156 nos
365 3092 525 3156 stultitiae
560 3095 691 3156 nostrae
729 3090 938 3174 gravissimas
975 3110 1097 3172 poenas

76 3180 223 3262 pendere.

144 3266 180 3332 P.
201 3265 356 3332 Sallustio
379 3267 519 3332 curanda
543 3271 619 3331 sunt
642 3263 699 3330 HS
722 3269 810 3351 ΧῖΧ,
842 3287 924 3349 quae
949 3264 1056 3346 accepi
1079 3281 1133 3326 aa

77 3351 133 3420 Gn.
160 3353 324 3420 Sallustio
370 3355 479 3420 Velim
510 3355 632 3440 videas,
658 3357 696 3418 ut
727 3355 797 3419 sine
819 3374 911 3416 mora
934 3356 1096 3416 curentur.

36 3469 61 3508 35
74 3442 125 3508 De
148 3465 186 3508 ea
208 3465 243 3508 re
268 3445 382 3528 scripsi
405 3445 444 3507 ad
467 3443 660 3507 Terentiam.
697 3441 807 3525 Atque
825 3440 887 3505 hoc
905 3440 1014 3522 ipsum
1032 3439 1097 3501 iarn
