2564 3880
153 180 220 245 438
318 239 320 244 ,
478 179 516 233 Μ.
535 179 644 232 TULLI
662 177 854 233 CICERONIS

154 322 287 388 Octavio
307 343 426 405 susque
445 321 554 404 deque.
595 320 769 405 Exspecta
788 319 867 403 quid
885 320 923 383 de
941 319 1063 405 Mari03
1082 341 1178 404 quem

154 411 283 495 quidem
307 431 367 494 ego
392 408 557 474 sublatum
580 409 673 472 rebar
697 431 715 472 a
739 405 882 473 Caesare.
920 406 1047 472 Antoni
1071 408 1177 472 conlo-

155 499 266 650 iiim
282 497 671 651 amitttat&
691 497 1178 667 tssn‘ttttttttttt

154 674 298 738 Martias.
331 672 426 758 Nam,
441 673 594 756 quoniam
607 671 730 735 Fundis
745 695 818 736 sum
831 694 905 736 cum
918 670 1038 756 Ligure
1054 676 1179 756 nostro,
1208 698 1221 737 5

155 763 331 854 discrucior
347 760 462 826 Sextili
481 761 616 825 fundum
631 783 651 824 a
664 761 839 825 verberone
853 759 993 825 Curtilio
1007 761 1178 844 possideri.

120 871 136 916 2
157 849 250 926 Quod
264 872 336 914 cum
351 850 430 935 dico,
442 849 480 912 de
494 852 565 912 toto
581 870 696 935 genere
711 848 790 913 dioc.
828 848 913 924 Quid
927 849 1014 912 enim
1027 849 1179 912 miserius

157 960 254 1021 quam
286 959 323 1002 ea
358 959 419 1002 nos
449 937 548 1022 tueri,
577 940 710 1020 propter
745 958 827 1020 quae
861 936 955 1000 illum
986 937 1179 1001 oderamus?

156 1027 295 1090 etiamne
315 1026 463 1089 consules
482 1029 514 1089 et
533 1024 683 1089 tribunos
701 1025 744 1108 pl.
763 1025 799 1088 in
816 1024 993 1110 biennium,
1016 1047 1098 1109 quos
1121 1024 1180 1088 ille

156 1114 285 1178 voluit?
326 1112 427 1177 Nullo
446 1113 542 1177 modo
565 1113 700 1197 reperi0,
724 1134 820 1195 quem
843 1113 1034 1177 admodum
1052 1113 1178 1197 possim
1196 1140 1222 1177 ιο

155 1201 402 1267 πολιτεύεσθαι.
438 1199 532 1265 Nihil
560 1202 645 1264 enim
673 1204 740 1263 tam
764 1203 920 1266 σόλοικον
948 1223 1046 1284 quam
1068 1205 1181 1284 tyran-

155 1293 314 1353 noctonos
349 1289 385 1352 in
414 1288 501 1353 caelo
537 1309 620 1373 esse,
648 1289 779 1371 tyranni
813 1289 900 1353 faeta
934 1289 1070 1353 defendi.
1116 1288 1182 1352 Sed

157 1377 246 1441 vides
265 1377 421 1462 consules,
440 1377 529 1462 rides
548 1376 690 1460 reliquos
709 1376 930 1461 magistratus
954 1377 983 1442 si
1001 1377 1058 1441 isti
1077 1377 1181 1462 magi-

157 1469 289 1549 stratus,
312 1465 400 1529 vidcs
424 1465 614 1549 languorem
636 1465 804 1529 bonorum.
851 1465 1028 1529 Exsultant
1051 1465 1182 1529 laetitia

156 1554 192 1617 in
220 1554 414 1637 municipiis.
464 1552 538 1616 Dici
565 1553 651 1616 enim
677 1574 745 1616 non
771 1556 895 1637 potest,
927 1556 1050 1636 quanto
1082 1575 1182 1636 opere
1197 1579 1221 1618 15

157 1642 327 1727 gaudeant,
348 1646 386 1706 ut
405 1641 445 1704 ad
463 1663 514 1704 me
533 1645 736 1726 concurrant,
758 1645 795 1704 ut
817 1641 928 1705 audire
951 1642 1085 1725 cupiant
1106 1665 1182 1706 mea

156 1730 254 1794 verba
273 1730 364 1794 dere
383 1753 412 1814 p.
449 1728 519 1795 Nec
537 1729 604 1792 ulla
622 1729 746 1792 interea
764 1729 899 1794 decreta.
942 1728 995 1794 Sic
1013 1730 1099 1794 enirn
1123 1752 1182 1795 πε-

155 1819 392 1904 rotundaretur,
414 1822 452 1881 ut
475 1818 578 1881 victos
602 1820 827 1881 metueremus,
873 1896 875 1902 Α

223 1906 311 1970 Haec
326 1906 365 1969 ad
383 1911 416 1970 te
436 1905 551 1989 scripsi
570 1905 720 1989 apposita
739 1905 877 1969 secunda
890 1925 1018 1989 mensa3
1031 1905 1129 1988 plura
1149 1910 1182 1970 et

155 1997 395 2080 πολιτικώτερα
413 1999 537 2080 postea,
559 1998 592 2057 et
610 1996 656 2075 tu,
680 1992 757 2076 quid
776 2014 863 2078 agas,
888 1993 1029 2076 quidque
1053 1998 1181 2078 agatur.
1197 2022 1222 2060 20

628 2167 700 2232 VII.

300 2289 357 2345 Ser.
372 2291 404 2343 iu
424 2289 576 2343 Formiano
597 2289 695 2342 XVII
709 2289 746 2342 K.
763 2289 836 2344 Mai.
851 2307 877 2343 a.
894 2293 949 2344 710
968 2292 1036 2359 (44).

462 2411 608 2467 CICERO
625 2411 772 2465 ATTICO
790 2410 879 2481 SAL

122 2539 136 2586 1
223 2518 383 2583 Postridie
411 2501 488 2582 Idus
520 2518 657 2583 Paulum
688 2517 817 2583 Caietae
844 2501 919 2583 vidi.
965 2516 998 2582 Is
1027 2519 1110 2582 mihi
1142 2521 1184 2586 de

156 2607 261 2671 Mario
285 2610 317 2669 et
340 2607 379 2670 de
401 2628 436 2670 re
458 2606 589 2691 publica
612 2606 767 2690 quaedam
792 2629 868 2671 sane
895 2607 1044 2690 pessima.
1091 2606 1122 2671 A
1147 2613 1184 2672 te
1198 2636 1221 2676 rs

156 2694 280 2758 scilicet
293 2694 390 2779 nihil3
404 2717 497 2758 nemo
512 2695 599 2758 enim
612 2716 766 2759 meorum.
795 2693 859 2759 Sed
872 2694 1011 2758 Brutum
1025 2699 1182 2761 nostrum

157 2783 253 2846 audio
283 2781 389 2846 visum
421 2782 481 2846 sub
505 2782 659 2846 Lanuvio.
698 2781 765 2846 Ubi
796 2783 926 2847 tandem
950 2786 999 2849 est
1022 2782 1184 2850 futurus?

157 2868 243 2934 Nam
267 2891 340 2933 cum
363 2869 489 2953 reliqua
502 2875 573 2935 tum
596 2871 635 2934 de
657 2871 720 2934 hoc
739 2871 821 2934 scire
843 2893 921 2935 aveo
946 2871 1062 2936 omnia.
1105 2871 1183 2958 Ego

157 2980 174 3022 e
204 2957 377 3022 Formiano
408 2957 517 3021 exiens
550 2976 625 3022 xvn
647 2958 729 3042 Kar,
757 2963 795 3022 ut
824 2959 898 3022 inde
931 2957 1033 3022 altero
1065 2959 1117 3024 die
1145 2961 1184 3025 in

157 3045 380 3129 Puteolanum,
404 3045 517 3129 scripsi
540 3044 626 3111 haec.
799 3097 800 3102 η
1197 3077 1222 3116 ao

121 3153 137 3200 a
224 3132 427 3198 noioeane
449 3133 530 3197 mihi
548 3133 676 3198 litterae
696 3156 771 3198 sane
791 3133 1017 3217 πεπινωμέναι
1040 3139 1074 3199 et
1096 3136 1183 3200 bene

156 3222 281 3308 longae.
319 3220 434 3286 Cetera
464 3226 571 3285 autem
598 3223 650 3285 vel
677 3222 757 3305 fingi
784 3226 936 3307 possunt,
967 3226 1065 3298 πίνος
1092 3224 1183 3288 litte-

157 3332 266 3373 rarum
294 3310 456 3394 signifieat
484 3309 669 3374 doctiorem.
710 3310 806 3374 Nunc
833 3331 951 3394 magno
980 3332 1076 3394 opere
1104 3334 1124 3375 a
1147 3316 1183 3376 te

157 3401 242 3481 peto,
266 3397 304 3461 de
328 3419 391 3480 quo
416 3419 488 3461 sum
511 3417 614 3479 nuper
637 3400 743 3460 tecum
766 3398 909 3484 locutus,
931 3401 969 3461 ut
990 3398 1116 3484 videas,
1138 3421 1182 3465 ne

154 3484 289 3566 quidet
313 3485 404 3549 desit,
450 3483 489 3548 Id
518 3506 590 3548 cum
620 3485 661 3547 ad
689 3485 832 3548 officium
858 3489 1008 3550 nostrum
1036 3488 1183 3571 pertinet
1197 3517 1222 3556 ³5
