<?xml version="1.0" encoding="UTF-8"?>
<!DOCTYPE html PUBLIC "-//W3C//DTD XHTML 1.0 Transitional//EN"
    "http://www.w3.org/TR/xhtml1/DTD/xhtml1-transitional.dtd">
<html xmlns="http://www.w3.org/1999/xhtml" xml:lang="en" lang="en">
 <head>
  <title>
</title>
<meta http-equiv="Content-Type" content="text/html;charset=utf-8" />
  <meta name='ocr-system' content='tesseract 3.04.00' />
  <meta name='ocr-capabilities' content='ocr_page ocr_carea ocr_par ocr_line ocrx_word'/>
</head>
<body>
  <div class='ocr_page' id='page_1' title='image "./scriptaquaemans00mullgoog_0499.png"; bbox 0 0 2578 3886; ppageno 0'>
   <div class='ocr_carea' id='block_1_1' title="bbox 183 76 893 142">
    <p class='ocr_par' dir='ltr' id='par_1_1' title="bbox 183 76 893 142">
     <span class='ocr_line' id='line_1_1' title="bbox 183 76 893 142; baseline -0.017 1"><span class='ocrx_word' id='word_1_1' title='bbox 183 78 251 142; x_wconf 81' lang='lat'><strong>336</strong></span> <span class='ocrx_word' id='word_1_2' title='bbox 520 77 558 132; x_wconf 91' lang='lat' dir='ltr'><strong>M.</strong></span> <span class='ocrx_word' id='word_1_3' title='bbox 578 77 686 133; x_wconf 84' lang='lat' dir='ltr'><strong><em>TULLI</em></strong></span> <span class='ocrx_word' id='word_1_4' title='bbox 704 76 893 133; x_wconf 80' lang='lat' dir='ltr'>CICERONIS</span> 
     </span>
    </p>
   </div>
   <div class='ocr_carea' id='block_1_2' title="bbox 180 218 1254 991">
    <p class='ocr_par' dir='ltr' id='par_1_2' title="bbox 180 218 1254 991">
     <span class='ocr_line' id='line_1_2' title="bbox 183 218 1221 306; baseline -0.004 -21"><span class='ocrx_word' id='word_1_5' title='bbox 183 243 285 306; x_wconf 85' lang='lat' dir='ltr'>prope</span> <span class='ocrx_word' id='word_1_6' title='bbox 314 225 542 306; x_wconf 89' lang='lat' dir='ltr'><strong>consumptum</strong></span> <span class='ocrx_word' id='word_1_7' title='bbox 570 224 627 286; x_wconf 88' lang='lat' dir='ltr'><strong>est.</strong></span> <span class='ocrx_word' id='word_1_8' title='bbox 673 219 778 296; x_wconf 79' lang='lat' dir='ltr'><strong>Quare</strong></span> <span class='ocrx_word' id='word_1_9' title='bbox 800 219 835 284; x_wconf 93' lang='lat' dir='ltr'><strong>id</strong></span> <span class='ocrx_word' id='word_1_10' title='bbox 859 241 987 303; x_wconf 87' lang='lat' dir='ltr'><strong>quoquc</strong></span> <span class='ocrx_word' id='word_1_11' title='bbox 1011 218 1112 283; x_wconf 86' lang='lat' dir='ltr'><strong>velim</strong></span> <span class='ocrx_word' id='word_1_12' title='bbox 1139 239 1221 282; x_wconf 89' lang='lat' dir='ltr'><strong>oum</strong></span> 
     </span>
     <span class='ocr_line' id='line_1_3' title="bbox 182 307 1220 396; baseline -0.006 -22"><span class='ocrx_word' id='word_1_13' title='bbox 182 310 241 374; x_wconf 87' lang='lat' dir='ltr'><strong>illa</strong></span> <span class='ocrx_word' id='word_1_14' title='bbox 268 309 392 396; x_wconf 83' lang='lat' dir='ltr'><strong>videas,</strong></span> <span class='ocrx_word' id='word_1_15' title='bbox 419 314 456 374; x_wconf 90' lang='lat' dir='ltr'><strong>ut</strong></span> <span class='ocrx_word' id='word_1_16' title='bbox 485 311 542 393; x_wconf 88' lang='lat' dir='ltr'><strong>sit,</strong></span> <span class='ocrx_word' id='word_1_17' title='bbox 571 309 628 393; x_wconf 88' lang='lat' dir='ltr'><strong>qui</strong></span> <span class='ocrx_word' id='word_1_18' title='bbox 657 313 796 374; x_wconf 87' lang='lat' dir='ltr'><strong>utamur.</strong></span> <span class='ocrx_word' id='word_1_19' title='bbox 842 307 905 372; x_wconf 84' lang='lat' dir='ltr'><strong>Hic</strong></span> <span class='ocrx_word' id='word_1_20' title='bbox 928 308 1069 371; x_wconf 88' lang='lat' dir='ltr'><strong>fortasse</strong></span> <span class='ocrx_word' id='word_1_21' title='bbox 1091 309 1220 390; x_wconf 87' lang='lat' dir='ltr'><strong>potero</strong></span> 
     </span>
     <span class='ocr_line' id='line_1_4' title="bbox 182 395 1221 482; baseline -0.005 -20"><span class='ocrx_word' id='word_1_22' title='bbox 182 419 324 482; x_wconf 88' lang='lat' dir='ltr'><strong>sumere,</strong></span> <span class='ocrx_word' id='word_1_23' title='bbox 352 399 380 462; x_wconf 89' lang='lat' dir='ltr'><strong>si</strong></span> <span class='ocrx_word' id='word_1_24' title='bbox 408 399 507 462; x_wconf 88' lang='lat' dir='ltr'><strong>sciam</strong></span> <span class='ocrx_word' id='word_1_25' title='bbox 528 398 604 462; x_wconf 87' lang='lat' dir='ltr'><strong>istic</strong></span> <span class='ocrx_word' id='word_1_26' title='bbox 626 402 778 481; x_wconf 87' lang='lat' dir='ltr'><strong>paratum</strong></span> <span class='ocrx_word' id='word_1_27' title='bbox 801 397 884 481; x_wconf 86' lang='lat' dir='ltr'><strong>fore;</strong></span> <span class='ocrx_word' id='word_1_28' title='bbox 917 396 986 478; x_wconf 86' lang='lat' dir='ltr'><strong>sed,</strong></span> <span class='ocrx_word' id='word_1_29' title='bbox 1014 395 1221 479; x_wconf 81' lang='lat' dir='ltr'><strong>priusquam</strong></span> 
     </span>
     <span class='ocr_line' id='line_1_5' title="bbox 183 482 1221 570; baseline -0.004 -21"><span class='ocrx_word' id='word_1_30' title='bbox 183 485 218 550; x_wconf 93' lang='lat' dir='ltr'><strong>id</strong></span> <span class='ocrx_word' id='word_1_31' title='bbox 246 485 375 570; x_wconf 86' lang='lat' dir='ltr'><strong>scirem,</strong></span> <span class='ocrx_word' id='word_1_32' title='bbox 401 486 486 550; x_wconf 86' lang='lat' dir='ltr'>nihil</span> <span class='ocrx_word' id='word_1_33' title='bbox 508 508 580 550; x_wconf 92' lang='lat' dir='ltr'><strong>sum</strong></span> <span class='ocrx_word' id='word_1_34' title='bbox 603 508 700 550; x_wconf 89' lang='lat' dir='ltr'><strong>ausus</strong></span> <span class='ocrx_word' id='word_1_35' title='bbox 725 505 858 550; x_wconf 89' lang='lat' dir='ltr'><strong>sumere.</strong></span> <span class='ocrx_word' id='word_1_36' title='bbox 906 482 968 558; x_wconf 81' lang='lat' dir='ltr'><strong>Qui</strong></span> <span class='ocrx_word' id='word_1_37' title='bbox 992 483 1035 547; x_wconf 88' lang='lat' dir='ltr'><strong>sit</strong></span> <span class='ocrx_word' id='word_1_38' title='bbox 1060 483 1221 547; x_wconf 89' lang='lat' dir='ltr'><strong>omnium</strong></span> 
     </span>
     <span class='ocr_line' id='line_1_6' title="bbox 183 571 1254 658; baseline -0.005 -20"><span class='ocrx_word' id='word_1_39' title='bbox 183 595 292 639; x_wconf 88' lang='lat' dir='ltr'><strong>rerum</strong></span> <span class='ocrx_word' id='word_1_40' title='bbox 315 578 420 639; x_wconf 86' lang='lat' dir='ltr'><strong>status</strong></span> <span class='ocrx_word' id='word_1_41' title='bbox 442 579 562 658; x_wconf 90' lang='lat' dir='ltr'><strong>noster,</strong></span> <span class='ocrx_word' id='word_1_42' title='bbox 585 574 681 639; x_wconf 86' lang='lat' dir='ltr'><strong>vides.</strong></span> <span class='ocrx_word' id='word_1_43' title='bbox 727 571 822 638; x_wconf 91' lang='lat' dir='ltr'><strong>Nihil</strong></span> <span class='ocrx_word' id='word_1_44' title='bbox 844 576 894 636; x_wconf 89' lang='lat' dir='ltr'><strong>est</strong></span> <span class='ocrx_word' id='word_1_45' title='bbox 917 571 1005 656; x_wconf 88' lang='lat' dir='ltr'><strong>mali,</strong></span> <span class='ocrx_word' id='word_1_46' title='bbox 1029 571 1120 654; x_wconf 89' lang='lat' dir='ltr'><strong>quod</strong></span> <span class='ocrx_word' id='word_1_47' title='bbox 1145 591 1221 635; x_wconf 90' lang='lat' dir='ltr'><strong>non</strong></span> <span class='ocrx_word' id='word_1_48' title='bbox 1244 594 1254 633; x_wconf 81' lang='lat'>5</span> 
     </span>
     <span class='ocr_line' id='line_1_7' title="bbox 182 659 1219 746; baseline -0.004 -21"><span class='ocrx_word' id='word_1_49' title='bbox 182 666 217 725; x_wconf 90' lang='lat' dir='ltr'><strong>et</strong></span> <span class='ocrx_word' id='word_1_50' title='bbox 240 663 418 727; x_wconf 88' lang='lat' dir='ltr'><strong>sustineam</strong></span> <span class='ocrx_word' id='word_1_51' title='bbox 442 665 475 727; x_wconf 92' lang='lat' dir='ltr'><strong>et</strong></span> <span class='ocrx_word' id='word_1_52' title='bbox 498 666 688 746; x_wconf 77' lang='lat' dir='ltr'>exspectem.</span> <span class='ocrx_word' id='word_1_53' title='bbox 726 660 869 737; x_wconf 80' lang='lat' dir='ltr'><strong>Quarum</strong></span> <span class='ocrx_word' id='word_1_54' title='bbox 888 681 996 724; x_wconf 90' lang='lat' dir='ltr'><strong>rerum</strong></span> <span class='ocrx_word' id='word_1_55' title='bbox 1015 680 1053 723; x_wconf 87' lang='lat' dir='ltr'><strong>eo</strong></span> <span class='ocrx_word' id='word_1_56' title='bbox 1074 659 1219 744; x_wconf 81' lang='lat' dir='ltr'><strong>gravior</strong></span> 
     </span>
     <span class='ocr_line' id='line_1_8' title="bbox 183 746 1219 836; baseline -0.005 -22"><span class='ocrx_word' id='word_1_57' title='bbox 183 753 233 814; x_wconf 89' lang='lat' dir='ltr'><strong>est</strong></span> <span class='ocrx_word' id='word_1_58' title='bbox 256 750 359 836; x_wconf 89' lang='lat' dir='ltr'><strong>dolor,</strong></span> <span class='ocrx_word' id='word_1_59' title='bbox 383 772 447 834; x_wconf 92' lang='lat' dir='ltr'><strong>quo</strong></span> <span class='ocrx_word' id='word_1_60' title='bbox 471 750 565 834; x_wconf 87' lang='lat' dir='ltr'><strong>culpa</strong></span> <span class='ocrx_word' id='word_1_61' title='bbox 587 751 699 814; x_wconf 91' lang='lat' dir='ltr'><strong>maior.</strong></span> <span class='ocrx_word' id='word_1_62' title='bbox 737 748 796 814; x_wconf 90' lang='lat' dir='ltr'><strong>Ille</strong></span> <span class='ocrx_word' id='word_1_63' title='bbox 820 749 855 812; x_wconf 91' lang='lat' dir='ltr'><strong>in</strong></span> <span class='ocrx_word' id='word_1_64' title='bbox 872 746 995 812; x_wconf 80' lang='lat' dir='ltr'><strong>Achaia</strong></span> <span class='ocrx_word' id='word_1_65' title='bbox 1013 768 1082 811; x_wconf 93' lang='lat' dir='ltr'><strong>non</strong></span> <span class='ocrx_word' id='word_1_66' title='bbox 1100 751 1219 812; x_wconf 89' lang='lat' dir='ltr'><strong>cessat</strong></span> 
     </span>
     <span class='ocr_line' id='line_1_9' title="bbox 181 836 1218 920; baseline -0.001 -20"><span class='ocrx_word' id='word_1_67' title='bbox 181 838 222 902; x_wconf 84' lang='lat' dir='ltr'><strong>de</strong></span> <span class='ocrx_word' id='word_1_68' title='bbox 250 837 346 902; x_wconf 89' lang='lat' dir='ltr'><strong>nobis</strong></span> <span class='ocrx_word' id='word_1_69' title='bbox 370 838 545 903; x_wconf 77' lang='lat' dir='ltr'><strong>detrahere.</strong></span> <span class='ocrx_word' id='word_1_70' title='bbox 591 837 686 902; x_wconf 90' lang='lat' dir='ltr'><strong>Nihil</strong></span> <span class='ocrx_word' id='word_1_71' title='bbox 707 837 856 902; x_wconf 76' lang='lat' dir='ltr'><strong>videlicet</strong></span> <span class='ocrx_word' id='word_1_72' title='bbox 879 841 955 901; x_wconf 90' lang='lat' dir='ltr'><strong>tuae</strong></span> <span class='ocrx_word' id='word_1_73' title='bbox 977 836 1110 900; x_wconf 76' lang='lat' dir='ltr'><strong>litterae</strong></span> <span class='ocrx_word' id='word_1_74' title='bbox 1138 857 1218 920; x_wconf 90' lang='lat' dir='ltr'><strong>pro-</strong></span> 
     </span>
     <span class='ocr_line' id='line_1_10' title="bbox 180 925 798 991; baseline 0 -2"><span class='ocrx_word' id='word_1_75' title='bbox 180 926 334 990; x_wconf 82' lang='lat' dir='ltr'><strong>fecerunt.</strong></span> <span class='ocrx_word' id='word_1_76' title='bbox 380 925 470 990; x_wconf 89' lang='lat' dir='ltr'><strong>Vale.</strong></span> <span class='ocrx_word' id='word_1_77' title='bbox 516 944 581 991; x_wconf 84' lang='lat' dir='ltr'><strong>vm</strong></span> <span class='ocrx_word' id='word_1_78' title='bbox 603 925 680 990; x_wconf 90' lang='lat' dir='ltr'><strong>Idus</strong></span> <span class='ocrx_word' id='word_1_79' title='bbox 703 925 798 990; x_wconf 90' lang='lat' dir='ltr'><strong>Mart.</strong></span> 
     </span>
    </p>
   </div>
   <div class='ocr_carea' id='block_1_3' title="bbox 353 1135 1036 1342">
    <p class='ocr_par' dir='ltr' id='par_1_3' title="bbox 353 1135 1036 1342">
     <span class='ocr_line' id='line_1_11' title="bbox 657 1135 728 1201; baseline -0.014 0"><span class='ocrx_word' id='word_1_80' title='bbox 657 1135 728 1201; x_wconf 86' lang='lat' dir='ltr'><strong><em>XII.</em></strong></span> 
     </span>
     <span class='ocr_line' id='line_1_12' title="bbox 353 1273 1036 1342; baseline -0.003 -14"><span class='ocrx_word' id='word_1_81' title='bbox 353 1273 410 1328; x_wconf 78' lang='lat' dir='ltr'><strong>Ser.</strong></span> <span class='ocrx_word' id='word_1_82' title='bbox 426 1274 567 1328; x_wconf 71' lang='lat' dir='ltr'><strong>Breucdc&#39;st</strong></span> <span class='ocrx_word' id='word_1_83' title='bbox 589 1273 667 1328; x_wconf 88' lang='lat' dir='ltr'><strong><em>VIII</em></strong></span> <span class='ocrx_word' id='word_1_84' title='bbox 684 1275 728 1328; x_wconf 82' lang='lat' dir='ltr'><strong>Id.</strong></span> <span class='ocrx_word' id='word_1_85' title='bbox 744 1273 832 1328; x_wconf 82' lang='lat' dir='ltr'><strong>Mart.</strong></span> <span class='ocrx_word' id='word_1_86' title='bbox 848 1291 874 1328; x_wconf 83' lang='lat' dir='ltr'><strong>a.</strong></span> <span class='ocrx_word' id='word_1_87' title='bbox 891 1276 947 1328; x_wconf 84' lang='lat'><strong>707</strong></span> <span class='ocrx_word' id='word_1_88' title='bbox 966 1275 1036 1342; x_wconf 76' lang='lat'><em>(47).</em></span> 
     </span>
    </p>
   </div>
   <div class='ocr_carea' id='block_1_4' title="bbox 508 1411 884 1468">
    <p class='ocr_par' dir='ltr' id='par_1_4' title="bbox 508 1411 884 1468">
     <span class='ocr_line' id='line_1_13' title="bbox 508 1411 884 1468; baseline -0.005 0"><span class='ocrx_word' id='word_1_89' title='bbox 508 1413 637 1468; x_wconf 79' lang='lat' dir='ltr'><strong><em>CICERO</em></strong></span> <span class='ocrx_word' id='word_1_90' title='bbox 657 1411 789 1467; x_wconf 82' lang='lat' dir='ltr'><strong><em>ATTICO</em></strong></span> <span class='ocrx_word' id='word_1_91' title='bbox 810 1411 884 1468; x_wconf 83' lang='lat' dir='ltr'>SAL.</span> 
     </span>
    </p>
   </div>
   <div class='ocr_carea' id='block_1_5' title="bbox 149 1537 1248 1802">
    <p class='ocr_par' dir='ltr' id='par_1_5' title="bbox 149 1537 1248 1802">
     <span class='ocr_line' id='line_1_14' title="bbox 149 1537 1216 1624; baseline -0.002 -20"><span class='ocrx_word' id='word_1_92' title='bbox 149 1556 163 1604; x_wconf 87' lang='lat'>1</span> <span class='ocrx_word' id='word_1_93' title='bbox 252 1538 406 1624; x_wconf 82' lang='lat' dir='ltr'><strong>Cephalio</strong></span> <span class='ocrx_word' id='word_1_94' title='bbox 434 1539 516 1603; x_wconf 91' lang='lat' dir='ltr'><strong>mihi</strong></span> <span class='ocrx_word' id='word_1_95' title='bbox 545 1563 563 1604; x_wconf 91' lang='lat' dir='ltr'><strong>a</strong></span> <span class='ocrx_word' id='word_1_96' title='bbox 590 1544 624 1602; x_wconf 90' lang='lat' dir='ltr'><strong>te</strong></span> <span class='ocrx_word' id='word_1_97' title='bbox 650 1539 778 1603; x_wconf 79' lang='lat' dir='ltr'><strong>litteras</strong></span> <span class='ocrx_word' id='word_1_98' title='bbox 806 1537 946 1602; x_wconf 87' lang='lat' dir='ltr'><strong>reddidit</strong></span> <span class='ocrx_word' id='word_1_99' title='bbox 973 1561 1000 1602; x_wconf 91' lang='lat' dir='ltr'><strong>a.</strong></span> <span class='ocrx_word' id='word_1_100' title='bbox 1024 1538 1052 1601; x_wconf 91' lang='lat' dir='ltr'><strong>d.</strong></span> <span class='ocrx_word' id='word_1_101' title='bbox 1073 1555 1142 1601; x_wconf 92' lang='lat' dir='ltr'>v111</span> <span class='ocrx_word' id='word_1_102' title='bbox 1170 1538 1216 1603; x_wconf 94' lang='lat' dir='ltr'><strong>Id.</strong></span> 
     </span>
     <span class='ocr_line' id='line_1_15' title="bbox 182 1626 1217 1712; baseline -0.001 -20"><span class='ocrx_word' id='word_1_103' title='bbox 182 1629 278 1693; x_wconf 90' lang='lat' dir='ltr'><strong>Mart.</strong></span> <span class='ocrx_word' id='word_1_104' title='bbox 302 1649 443 1712; x_wconf 86' lang='lat' dir='ltr'><strong>vespere.</strong></span> <span class='ocrx_word' id='word_1_105' title='bbox 488 1627 539 1696; x_wconf 83' lang='lat' dir='ltr'><strong>Ilo</strong></span> <span class='ocrx_word' id='word_1_106' title='bbox 568 1632 677 1691; x_wconf 89' lang='lat' dir='ltr'><strong>autem</strong></span> <span class='ocrx_word' id='word_1_107' title='bbox 710 1627 761 1690; x_wconf 93' lang='lat' dir='ltr'><strong>die</strong></span> <span class='ocrx_word' id='word_1_108' title='bbox 783 1648 877 1690; x_wconf 87' lang='lat' dir='ltr'><strong>mane</strong></span> <span class='ocrx_word' id='word_1_109' title='bbox 899 1626 1088 1691; x_wconf 89' lang='lat' dir='ltr'><strong>tabellarios</strong></span> <span class='ocrx_word' id='word_1_110' title='bbox 1110 1627 1217 1691; x_wconf 71' lang='lat' dir='ltr'><strong>mira</strong></span> 
     </span>
     <span class='ocr_line' id='line_1_16' title="bbox 183 1713 1248 1802; baseline -0.003 -22"><span class='ocrx_word' id='word_1_111' title='bbox 183 1740 267 1802; x_wconf 79' lang='lat' dir='ltr'><strong>ram3</strong></span> <span class='ocrx_word' id='word_1_112' title='bbox 291 1717 409 1801; x_wconf 90' lang='lat' dir='ltr'><strong>quibus</strong></span> <span class='ocrx_word' id='word_1_113' title='bbox 433 1716 473 1779; x_wconf 89' lang='lat' dir='ltr'><strong>ad</strong></span> <span class='ocrx_word' id='word_1_114' title='bbox 496 1720 529 1780; x_wconf 89' lang='lat' dir='ltr'><strong>te</strong></span> <span class='ocrx_word' id='word_1_115' title='bbox 547 1716 695 1778; x_wconf 85' lang='lat' dir='ltr'><strong>dederam</strong></span> <span class='ocrx_word' id='word_1_116' title='bbox 712 1716 848 1779; x_wconf 89' lang='lat' dir='ltr'><strong>litteras.</strong></span> <span class='ocrx_word' id='word_1_117' title='bbox 886 1713 964 1778; x_wconf 82' lang='lat' dir='ltr'><strong>Tuis</strong></span> <span class='ocrx_word' id='word_1_118' title='bbox 984 1719 1094 1778; x_wconf 87' lang='lat' dir='ltr'><strong>tamen</strong></span> <span class='ocrx_word' id='word_1_119' title='bbox 1112 1713 1215 1779; x_wconf 86' lang='lat' dir='ltr'><strong>lectis</strong></span> <span class='ocrx_word' id='word_1_120' title='bbox 1229 1738 1248 1777; x_wconf 77' lang='lat' dir='ltr'><strong>a</strong></span> 
     </span>
    </p>
   </div>
   <div class='ocr_carea' id='block_1_6' title="bbox 147 1802 1248 3470">
    <p class='ocr_par' dir='ltr' id='par_1_6' title="bbox 182 1802 1248 3205">
     <span class='ocr_line' id='line_1_17' title="bbox 183 1802 1215 1888; baseline -0.001 -20"><span class='ocrx_word' id='word_1_121' title='bbox 183 1805 303 1869; x_wconf 88' lang='lat' dir='ltr'><strong>litteris</strong></span> <span class='ocrx_word' id='word_1_122' title='bbox 335 1804 449 1888; x_wconf 85' lang='lat' dir='ltr'><strong>putavi</strong></span> <span class='ocrx_word' id='word_1_123' title='bbox 481 1802 547 1867; x_wconf 89' lang='lat' dir='ltr'><strong>iam</strong></span> <span class='ocrx_word' id='word_1_124' title='bbox 579 1803 701 1887; x_wconf 90' lang='lat' dir='ltr'><strong>aliquid</strong></span> <span class='ocrx_word' id='word_1_125' title='bbox 733 1803 974 1867; x_wconf 90' lang='lat' dir='ltr'><strong>rescribendum</strong></span> <span class='ocrx_word' id='word_1_126' title='bbox 1005 1823 1075 1866; x_wconf 90' lang='lat' dir='ltr'><strong>esse</strong></span> <span class='ocrx_word' id='word_1_127' title='bbox 1103 1823 1144 1866; x_wconf 88' lang='lat' dir='ltr'><strong>ea</strong></span> <span class='ocrx_word' id='word_1_128' title='bbox 1176 1825 1215 1867; x_wconf 91' lang='lat' dir='ltr'><strong>re</strong></span> 
     </span>
     <span class='ocr_line' id='line_1_18' title="bbox 183 1890 1214 1978; baseline -0.003 -20"><span class='ocrx_word' id='word_1_129' title='bbox 183 1894 336 1978; x_wconf 85' lang='lat' dir='ltr'><strong>maxime,</strong></span> <span class='ocrx_word' id='word_1_130' title='bbox 369 1892 456 1975; x_wconf 89' lang='lat' dir='ltr'><strong>quod</strong></span> <span class='ocrx_word' id='word_1_131' title='bbox 484 1892 627 1956; x_wconf 90' lang='lat' dir='ltr'><strong>ostendis</strong></span> <span class='ocrx_word' id='word_1_132' title='bbox 655 1895 688 1954; x_wconf 91' lang='lat' dir='ltr'><strong>te</strong></span> <span class='ocrx_word' id='word_1_133' title='bbox 719 1891 856 1975; x_wconf 91' lang='lat' dir='ltr'><strong>pendere</strong></span> <span class='ocrx_word' id='word_1_134' title='bbox 885 1890 999 1976; x_wconf 88' lang='lat' dir='ltr'><strong>animi,</strong></span> <span class='ocrx_word' id='word_1_135' title='bbox 1031 1911 1214 1974; x_wconf 85' lang='lat' dir='ltr'><strong>quamnam</strong></span> 
     </span>
     <span class='ocr_line' id='line_1_19' title="bbox 184 1977 1214 2064; baseline -0.003 -18"><span class='ocrx_word' id='word_1_136' title='bbox 184 1982 344 2046; x_wconf 88' lang='lat' dir='ltr'><strong>rationem</strong></span> <span class='ocrx_word' id='word_1_137' title='bbox 368 1982 429 2044; x_wconf 89' lang='lat' dir='ltr'><strong>sim</strong></span> <span class='ocrx_word' id='word_1_138' title='bbox 453 1977 583 2044; x_wconf 87' lang='lat' dir='ltr'><strong>Caesari</strong></span> <span class='ocrx_word' id='word_1_139' title='bbox 607 1978 764 2043; x_wconf 88' lang='lat' dir='ltr'><strong>allaturus</strong></span> <span class='ocrx_word' id='word_1_140' title='bbox 787 1978 997 2062; x_wconf 87' lang='lat' dir='ltr'><strong>profectionis</strong></span> <span class='ocrx_word' id='word_1_141' title='bbox 1016 2000 1106 2042; x_wconf 91' lang='lat' dir='ltr'><strong>meae</strong></span> <span class='ocrx_word' id='word_1_142' title='bbox 1125 1982 1214 2064; x_wconf 92' lang='lat' dir='ltr'><strong>tum,</strong></span> 
     </span>
     <span class='ocr_line' id='line_1_20' title="bbox 183 2065 1212 2150; baseline -0.003 -16"><span class='ocrx_word' id='word_1_143' title='bbox 183 2092 256 2134; x_wconf 89' lang='lat' dir='ltr'><strong>oum</strong></span> <span class='ocrx_word' id='word_1_144' title='bbox 280 2091 318 2134; x_wconf 85' lang='lat' dir='ltr'><strong>ex</strong></span> <span class='ocrx_word' id='word_1_145' title='bbox 341 2067 439 2132; x_wconf 89' lang='lat' dir='ltr'><strong>Italia</strong></span> <span class='ocrx_word' id='word_1_146' title='bbox 461 2068 671 2132; x_wconf 79' lang='lat' dir='ltr'><strong>discesserim.</strong></span> <span class='ocrx_word' id='word_1_147' title='bbox 718 2065 812 2130; x_wconf 90' lang='lat' dir='ltr'><strong>Nihil</strong></span> <span class='ocrx_word' id='word_1_148' title='bbox 835 2088 916 2150; x_wconf 89' lang='lat' dir='ltr'><strong>opus</strong></span> <span class='ocrx_word' id='word_1_149' title='bbox 941 2069 991 2130; x_wconf 88' lang='lat' dir='ltr'><strong>est</strong></span> <span class='ocrx_word' id='word_1_150' title='bbox 1014 2065 1098 2129; x_wconf 90' lang='lat' dir='ltr'><strong>mihi</strong></span> <span class='ocrx_word' id='word_1_151' title='bbox 1119 2087 1212 2131; x_wconf 83' lang='lat' dir='ltr'><strong>nova</strong></span> 
     </span>
     <span class='ocr_line' id='line_1_21' title="bbox 183 2153 1248 2240; baseline -0.005 -19"><span class='ocrx_word' id='word_1_152' title='bbox 183 2158 317 2222; x_wconf 89' lang='lat' dir='ltr'><strong>ratione.</strong></span> <span class='ocrx_word' id='word_1_153' title='bbox 365 2155 467 2240; x_wconf 84' lang='lat' dir='ltr'><strong>Saepe</strong></span> <span class='ocrx_word' id='word_1_154' title='bbox 494 2155 581 2220; x_wconf 87' lang='lat' dir='ltr'><strong>enim</strong></span> <span class='ocrx_word' id='word_1_155' title='bbox 608 2155 648 2220; x_wconf 89' lang='lat' dir='ltr'><strong>ad</strong></span> <span class='ocrx_word' id='word_1_156' title='bbox 676 2177 750 2218; x_wconf 90' lang='lat' dir='ltr'><strong>eum</strong></span> <span class='ocrx_word' id='word_1_157' title='bbox 778 2155 894 2239; x_wconf 91' lang='lat' dir='ltr'><strong>scripsi</strong></span> <span class='ocrx_word' id='word_1_158' title='bbox 915 2153 1094 2237; x_wconf 89' lang='lat' dir='ltr'><strong>multisque</strong></span> <span class='ocrx_word' id='word_1_159' title='bbox 1117 2176 1212 2218; x_wconf 87' lang='lat' dir='ltr'><strong>man-</strong></span> <span class='ocrx_word' id='word_1_160' title='bbox 1226 2179 1248 2217; x_wconf 83' lang='lat' dir='ltr'><strong>a</strong></span> 
     </span>
     <span class='ocr_line' id='line_1_22' title="bbox 183 2242 1211 2328; baseline -0.002 -20"><span class='ocrx_word' id='word_1_161' title='bbox 183 2246 257 2309; x_wconf 89' lang='lat' dir='ltr'><strong>davi</strong></span> <span class='ocrx_word' id='word_1_162' title='bbox 284 2266 336 2309; x_wconf 91' lang='lat' dir='ltr'><strong>me</strong></span> <span class='ocrx_word' id='word_1_163' title='bbox 358 2265 426 2307; x_wconf 91' lang='lat' dir='ltr'><strong>non</strong></span> <span class='ocrx_word' id='word_1_164' title='bbox 447 2244 607 2328; x_wconf 86' lang='lat' dir='ltr'><strong>potuisse,</strong></span> <span class='ocrx_word' id='word_1_165' title='bbox 635 2265 734 2326; x_wconf 89' lang='lat' dir='ltr'><strong>quom</strong></span> <span class='ocrx_word' id='word_1_166' title='bbox 756 2242 932 2328; x_wconf 90' lang='lat' dir='ltr'><strong>cupissem,</strong></span> <span class='ocrx_word' id='word_1_167' title='bbox 960 2263 1125 2306; x_wconf 86' lang='lat' dir='ltr'><strong>sermones</strong></span> <span class='ocrx_word' id='word_1_168' title='bbox 1151 2242 1211 2306; x_wconf 96' lang='lat' dir='ltr'><strong>ho-</strong></span> 
     </span>
     <span class='ocr_line' id='line_1_23' title="bbox 183 2328 1211 2416; baseline -0.003 -19"><span class='ocrx_word' id='word_1_169' title='bbox 183 2333 309 2397; x_wconf 90' lang='lat' dir='ltr'><strong>minum</strong></span> <span class='ocrx_word' id='word_1_170' title='bbox 333 2332 501 2416; x_wconf 89' lang='lat' dir='ltr'><strong>sustinere,</strong></span> <span class='ocrx_word' id='word_1_171' title='bbox 523 2333 690 2415; x_wconf 91' lang='lat' dir='ltr'><strong>multaque</strong></span> <span class='ocrx_word' id='word_1_172' title='bbox 713 2331 749 2395; x_wconf 92' lang='lat' dir='ltr'><strong>in</strong></span> <span class='ocrx_word' id='word_1_173' title='bbox 771 2353 843 2395; x_wconf 91' lang='lat' dir='ltr'><strong>eam</strong></span> <span class='ocrx_word' id='word_1_174' title='bbox 865 2330 1067 2396; x_wconf 86' lang='lat' dir='ltr'><strong>sententiam.</strong></span> <span class='ocrx_word' id='word_1_175' title='bbox 1110 2328 1211 2394; x_wconf 89' lang='lat' dir='ltr'><strong>Nihil</strong></span> 
     </span>
     <span class='ocr_line' id='line_1_24' title="bbox 183 2418 1211 2504; baseline -0.001 -19"><span class='ocrx_word' id='word_1_176' title='bbox 183 2421 270 2485; x_wconf 88' lang='lat' dir='ltr'><strong>enim</strong></span> <span class='ocrx_word' id='word_1_177' title='bbox 294 2422 376 2504; x_wconf 88' lang='lat' dir='ltr'><strong>erat,</strong></span> <span class='ocrx_word' id='word_1_178' title='bbox 406 2420 493 2502; x_wconf 91' lang='lat' dir='ltr'><strong>quod</strong></span> <span class='ocrx_word' id='word_1_179' title='bbox 514 2421 621 2483; x_wconf 89' lang='lat' dir='ltr'><strong>minus</strong></span> <span class='ocrx_word' id='word_1_180' title='bbox 646 2440 719 2484; x_wconf 90' lang='lat' dir='ltr'><strong>eum</strong></span> <span class='ocrx_word' id='word_1_181' title='bbox 742 2419 859 2484; x_wconf 88' lang='lat' dir='ltr'><strong>vellem</strong></span> <span class='ocrx_word' id='word_1_182' title='bbox 881 2418 1075 2503; x_wconf 85' lang='lat' dir='ltr'><strong>existimare,</strong></span> <span class='ocrx_word' id='word_1_183' title='bbox 1107 2440 1211 2502; x_wconf 89' lang='lat' dir='ltr'><strong>quam</strong></span> 
     </span>
     <span class='ocr_line' id='line_1_25' title="bbox 183 2505 1208 2572; baseline -0.001 -1"><span class='ocrx_word' id='word_1_184' title='bbox 183 2529 236 2571; x_wconf 90' lang='lat' dir='ltr'><strong>me</strong></span> <span class='ocrx_word' id='word_1_185' title='bbox 259 2511 352 2571; x_wconf 89' lang='lat' dir='ltr'><strong>tanta</strong></span> <span class='ocrx_word' id='word_1_186' title='bbox 375 2507 413 2571; x_wconf 88' lang='lat' dir='ltr'><strong>de</strong></span> <span class='ocrx_word' id='word_1_187' title='bbox 436 2530 470 2572; x_wconf 87' lang='lat' dir='ltr'><strong>re</strong></span> <span class='ocrx_word' id='word_1_188' title='bbox 493 2529 561 2571; x_wconf 88' lang='lat' dir='ltr'><strong>non</strong></span> <span class='ocrx_word' id='word_1_189' title='bbox 582 2529 654 2572; x_wconf 93' lang='lat' dir='ltr'><strong>meo</strong></span> <span class='ocrx_word' id='word_1_190' title='bbox 678 2507 813 2572; x_wconf 89' lang='lat' dir='ltr'><strong>consilio</strong></span> <span class='ocrx_word' id='word_1_191' title='bbox 837 2529 932 2571; x_wconf 89' lang='lat' dir='ltr'><strong>usum</strong></span> <span class='ocrx_word' id='word_1_192' title='bbox 955 2528 1033 2571; x_wconf 88' lang='lat' dir='ltr'><strong>esse.</strong></span> <span class='ocrx_word' id='word_1_193' title='bbox 1070 2505 1208 2572; x_wconf 88' lang='lat' dir='ltr'><strong>Postea—</strong></span> 
     </span>
     <span class='ocr_line' id='line_1_26' title="bbox 184 2593 1246 2680; baseline 0.001 -22"><span class='ocrx_word' id='word_1_194' title='bbox 184 2617 256 2680; x_wconf 88' lang='lat' dir='ltr'><strong>que,</strong></span> <span class='ocrx_word' id='word_1_195' title='bbox 279 2617 378 2679; x_wconf 90' lang='lat' dir='ltr'><strong>quom</strong></span> <span class='ocrx_word' id='word_1_196' title='bbox 400 2595 482 2659; x_wconf 91' lang='lat' dir='ltr'><strong>mihi</strong></span> <span class='ocrx_word' id='word_1_197' title='bbox 504 2594 635 2660; x_wconf 88' lang='lat' dir='ltr'><strong>litterae</strong></span> <span class='ocrx_word' id='word_1_198' title='bbox 653 2618 672 2659; x_wconf 86' lang='lat' dir='ltr'><strong>a</strong></span> <span class='ocrx_word' id='word_1_199' title='bbox 690 2595 794 2660; x_wconf 88' lang='lat' dir='ltr'><strong>Balbo</strong></span> <span class='ocrx_word' id='word_1_200' title='bbox 814 2593 964 2660; x_wconf 85' lang='lat' dir='ltr'><strong>Cornelio</strong></span> <span class='ocrx_word' id='word_1_201' title='bbox 983 2595 1110 2659; x_wconf 88' lang='lat' dir='ltr'><strong>minore</strong></span> <span class='ocrx_word' id='word_1_202' title='bbox 1128 2595 1208 2659; x_wconf 89' lang='lat' dir='ltr'><strong>mis-</strong></span> <span class='ocrx_word' id='word_1_203' title='bbox 1223 2619 1246 2659; x_wconf 78' lang='lat' dir='ltr'><strong>a</strong></span> 
     </span>
     <span class='ocr_line' id='line_1_27' title="bbox 183 2682 1230 2760; baseline 0.001 -13"><span class='ocrx_word' id='word_1_204' title='bbox 183 2704 238 2747; x_wconf 88' lang='lat' dir='ltr'><strong>sae</strong></span> <span class='ocrx_word' id='word_1_205' title='bbox 269 2687 376 2747; x_wconf 89' lang='lat' dir='ltr'><strong>essent</strong></span> <span class='ocrx_word' id='word_1_206' title='bbox 398 2684 492 2748; x_wconf 91' lang='lat' dir='ltr'><strong>illum</strong></span> <span class='ocrx_word' id='word_1_207' title='bbox 515 2684 700 2748; x_wconf 87' lang='lat' dir='ltr'><strong>existimare</strong></span> <span class='ocrx_word' id='word_1_208' title='bbox 723 2682 880 2760; x_wconf 79' lang='lat' dir='ltr'><strong>Quintum</strong></span> <span class='ocrx_word' id='word_1_209' title='bbox 903 2684 1037 2747; x_wconf 87' lang='lat' dir='ltr'><strong>fratrem</strong></span> <span class='ocrx_word' id='word_1_210' title='bbox 1061 2683 1230 2748; x_wconf 71' lang='lat' dir='ltr'><strong>‘lituum&#39;·</strong></span> 
     </span>
     <span class='ocr_line' id='line_1_28' title="bbox 183 2767 1207 2858; baseline 0.002 -24"><span class='ocrx_word' id='word_1_211' title='bbox 183 2792 272 2835; x_wconf 90' lang='lat' dir='ltr'><strong>meae</strong></span> <span class='ocrx_word' id='word_1_212' title='bbox 300 2770 511 2854; x_wconf 85' lang='lat' dir='ltr'><strong>profectionis</strong></span> <span class='ocrx_word' id='word_1_213' title='bbox 539 2772 639 2836; x_wconf 83' lang='lat' dir='ltr'><strong>fuisse</strong></span> <span class='ocrx_word' id='word_1_214' title='bbox 663 2769 725 2858; x_wconf 80' lang='lat' dir='ltr'><strong>(ita</strong></span> <span class='ocrx_word' id='word_1_215' title='bbox 748 2773 833 2836; x_wconf 88' lang='lat' dir='ltr'><strong>enim</strong></span> <span class='ocrx_word' id='word_1_216' title='bbox 857 2767 1017 2858; x_wconf 82' lang='lat' dir='ltr'><strong>scripsit),</strong></span> <span class='ocrx_word' id='word_1_217' title='bbox 1044 2770 1101 2854; x_wconf 92' lang='lat' dir='ltr'><strong>qui</strong></span> <span class='ocrx_word' id='word_1_218' title='bbox 1124 2793 1207 2836; x_wconf 89' lang='lat' dir='ltr'><strong>non-</strong></span> 
     </span>
     <span class='ocr_line' id='line_1_29' title="bbox 183 2859 1207 2945; baseline 0 -23"><span class='ocrx_word' id='word_1_219' title='bbox 183 2859 260 2922; x_wconf 91' lang='lat' dir='ltr'><strong>dum</strong></span> <span class='ocrx_word' id='word_1_220' title='bbox 293 2879 496 2945; x_wconf 76' lang='lat' dir='ltr'><strong>cognossem,</strong></span> <span class='ocrx_word' id='word_1_221' title='bbox 529 2881 610 2944; x_wconf 86' lang='lat' dir='ltr'><strong>quae</strong></span> <span class='ocrx_word' id='word_1_222' title='bbox 638 2860 676 2924; x_wconf 91' lang='lat' dir='ltr'><strong>de</strong></span> <span class='ocrx_word' id='word_1_223' title='bbox 702 2882 753 2924; x_wconf 87' lang='lat' dir='ltr'><strong>me</strong></span> <span class='ocrx_word' id='word_1_224' title='bbox 782 2859 922 2936; x_wconf 80' lang='lat' dir='ltr'><strong>Quintus</strong></span> <span class='ocrx_word' id='word_1_225' title='bbox 952 2859 1135 2943; x_wconf 85' lang='lat' dir='ltr'><strong>scripsisset</strong></span> <span class='ocrx_word' id='word_1_226' title='bbox 1166 2859 1207 2923; x_wconf 88' lang='lat' dir='ltr'><strong>ad</strong></span> 
     </span>
     <span class='ocr_line' id='line_1_30' title="bbox 182 2947 1206 3032; baseline 0.002 -23"><span class='ocrx_word' id='word_1_227' title='bbox 182 2947 314 3032; x_wconf 85' lang='lat' dir='ltr'><strong>multos,</strong></span> <span class='ocrx_word' id='word_1_228' title='bbox 337 2947 399 3010; x_wconf 88' lang='lat' dir='ltr'><strong>etsi</strong></span> <span class='ocrx_word' id='word_1_229' title='bbox 419 2947 524 3011; x_wconf 90' lang='lat' dir='ltr'><strong>multa</strong></span> <span class='ocrx_word' id='word_1_230' title='bbox 542 2969 693 3031; x_wconf 85' lang='lat' dir='ltr'><strong>praesens</strong></span> <span class='ocrx_word' id='word_1_231' title='bbox 711 2948 746 3011; x_wconf 90' lang='lat' dir='ltr'><strong>in</strong></span> <span class='ocrx_word' id='word_1_232' title='bbox 764 2947 971 3032; x_wconf 87' lang='lat' dir='ltr'><strong>praesentem</strong></span> <span class='ocrx_word' id='word_1_233' title='bbox 986 2947 1099 3012; x_wconf 88' lang='lat' dir='ltr'><strong>acerbe</strong></span> <span class='ocrx_word' id='word_1_234' title='bbox 1119 2947 1206 3011; x_wconf 79' lang='lat' dir='ltr'><strong>dixe</strong></span> 
     </span>
     <span class='ocr_line' id='line_1_31' title="bbox 182 3033 1245 3119; baseline 0.001 -21"><span class='ocrx_word' id='word_1_235' title='bbox 182 3038 234 3099; x_wconf 89' lang='lat' dir='ltr'><strong>rat</strong></span> <span class='ocrx_word' id='word_1_236' title='bbox 259 3037 291 3098; x_wconf 93' lang='lat' dir='ltr'><strong>et</strong></span> <span class='ocrx_word' id='word_1_237' title='bbox 313 3034 441 3119; x_wconf 81' lang='lat' dir='ltr'><strong>fecerat,</strong></span> <span class='ocrx_word' id='word_1_238' title='bbox 465 3041 573 3100; x_wconf 88' lang='lat' dir='ltr'><strong>tamen</strong></span> <span class='ocrx_word' id='word_1_239' title='bbox 596 3037 663 3100; x_wconf 91' lang='lat' dir='ltr'><strong>nilo</strong></span> <span class='ocrx_word' id='word_1_240' title='bbox 687 3035 795 3100; x_wconf 88' lang='lat' dir='ltr'><strong>minus</strong></span> <span class='ocrx_word' id='word_1_241' title='bbox 819 3036 870 3100; x_wconf 91' lang='lat' dir='ltr'><strong>his</strong></span> <span class='ocrx_word' id='word_1_242' title='bbox 893 3036 1001 3100; x_wconf 85' lang='lat' dir='ltr'><strong>verbis</strong></span> <span class='ocrx_word' id='word_1_243' title='bbox 1025 3035 1066 3099; x_wconf 91' lang='lat' dir='ltr'><strong>ad</strong></span> <span class='ocrx_word' id='word_1_244' title='bbox 1090 3033 1204 3100; x_wconf 86' lang='lat' dir='ltr'><strong>Caesa-</strong></span> <span class='ocrx_word' id='word_1_245' title='bbox 1220 3061 1245 3099; x_wconf 79' lang='lat' dir='ltr'><strong>ao</strong></span> 
     </span>
     <span class='ocr_line' id='line_1_32' title="bbox 183 3143 403 3205; baseline 0.005 -19"><span class='ocrx_word' id='word_1_246' title='bbox 183 3145 253 3186; x_wconf 90' lang='lat' dir='ltr'><strong>rem</strong></span> <span class='ocrx_word' id='word_1_247' title='bbox 275 3143 403 3205; x_wconf 79' lang='lat' dir='ltr'><strong>scrips1:</strong></span> 
     </span>
    </p>

    <p class='ocr_par' dir='ltr' id='par_1_7' title="bbox 147 3210 1205 3470">
     <span class='ocr_line' id='line_1_33' title="bbox 147 3210 1205 3286; baseline -0.001 -10"><span class='ocrx_word' id='word_1_248' title='bbox 147 3227 163 3276; x_wconf 79' lang='lat'>2</span> <span class='ocrx_word' id='word_1_249' title='bbox 251 3210 321 3274; x_wconf 73' lang='lat' dir='ltr'><strong>‘De</strong></span> <span class='ocrx_word' id='word_1_250' title='bbox 354 3210 497 3286; x_wconf 83' lang='lat' dir='ltr'><strong>Quinto</strong></span> <span class='ocrx_word' id='word_1_251' title='bbox 534 3211 658 3275; x_wconf 88' lang='lat' dir='ltr'><strong>fratre</strong></span> <span class='ocrx_word' id='word_1_252' title='bbox 689 3233 770 3276; x_wconf 88' lang='lat' dir='ltr'><strong>mcc</strong></span> <span class='ocrx_word' id='word_1_253' title='bbox 803 3234 877 3276; x_wconf 90' lang='lat' dir='ltr'><strong>non</strong></span> <span class='ocrx_word' id='word_1_254' title='bbox 908 3212 1034 3276; x_wconf 87' lang='lat' dir='ltr'><strong>minus</strong></span> <span class='ocrx_word' id='word_1_255' title='bbox 1066 3211 1205 3275; x_wconf 88' lang='lat' dir='ltr'><strong>laboro</strong></span> 
     </span>
     <span class='ocr_line' id='line_1_34' title="bbox 184 3298 1205 3384; baseline -0.001 -21"><span class='ocrx_word' id='word_1_256' title='bbox 184 3319 295 3381; x_wconf 87' lang='lat' dir='ltr'><strong>quam</strong></span> <span class='ocrx_word' id='word_1_257' title='bbox 327 3298 371 3362; x_wconf 88' lang='lat' dir='ltr'><strong>de</strong></span> <span class='ocrx_word' id='word_1_258' title='bbox 402 3321 458 3363; x_wconf 91' lang='lat' dir='ltr'><strong>me</strong></span> <span class='ocrx_word' id='word_1_259' title='bbox 489 3299 590 3384; x_wconf 89' lang='lat' dir='ltr'><strong>ipso,</strong></span> <span class='ocrx_word' id='word_1_260' title='bbox 622 3299 685 3362; x_wconf 88' lang='lat' dir='ltr'><strong>sed</strong></span> <span class='ocrx_word' id='word_1_261' title='bbox 718 3321 800 3364; x_wconf 91' lang='lat' dir='ltr'><strong>eum</strong></span> <span class='ocrx_word' id='word_1_262' title='bbox 832 3301 908 3364; x_wconf 89' lang='lat' dir='ltr'><strong>tibi</strong></span> <span class='ocrx_word' id='word_1_263' title='bbox 942 3299 1205 3364; x_wconf 84' lang='lat' dir='ltr'><strong>commendare</strong></span> 
     </span>
     <span class='ocr_line' id='line_1_35' title="bbox 183 3386 1205 3470; baseline 0 -20"><span class='ocrx_word' id='word_1_264' title='bbox 183 3386 254 3450; x_wconf 93' lang='lat' dir='ltr'><strong>hoc</strong></span> <span class='ocrx_word' id='word_1_265' title='bbox 285 3407 366 3450; x_wconf 88' lang='lat' dir='ltr'><strong>meo</strong></span> <span class='ocrx_word' id='word_1_266' title='bbox 394 3392 566 3470; x_wconf 86' lang='lat' dir='ltr'><strong>tempore</strong></span> <span class='ocrx_word' id='word_1_267' title='bbox 593 3408 670 3450; x_wconf 88' lang='lat' dir='ltr'><strong>non</strong></span> <span class='ocrx_word' id='word_1_268' title='bbox 697 3387 823 3452; x_wconf 89' lang='lat' dir='ltr'><strong>audeo.</strong></span> <span class='ocrx_word' id='word_1_269' title='bbox 870 3387 974 3451; x_wconf 89' lang='lat' dir='ltr'><strong>Illud</strong></span> <span class='ocrx_word' id='word_1_270' title='bbox 1001 3388 1205 3452; x_wconf 86' lang='lat' dir='ltr'><strong>dumtaxat</strong></span> 
     </span>
    </p>
   </div>
   <div class='ocr_carea' id='block_1_7' title="bbox 0 0 1294 3877">
    <p class='ocr_par' dir='ltr' id='par_1_8' title="bbox 0 0 1294 3877">
     <span class='ocr_line' id='line_1_36' title="bbox 0 0 1294 3877; baseline 0 0"><span class='ocrx_word' id='word_1_271' title='bbox 0 0 1294 3877; x_wconf 95' lang='lat' dir='ltr'><strong> </strong></span> 
     </span>
    </p>
   </div>
  </div>
 </body>
</html>
