2568 3888
170 151 213 214 62
491 149 528 203 M.
548 148 655 202 TULLI
674 147 865 202 CICEROMS

171 315 275 377 quere.
317 290 410 356 Unus
433 291 580 375 loquitur
603 295 635 354 et
658 291 766 374 palam
790 292 978 355 adversatur
1001 291 1201 355 adulescens

171 381 278 446 Curio.
333 379 418 444 Huic
452 381 585 463 plausus
617 379 764 464 maximi,
801 379 1016 444 consalutatio
1048 379 1201 443 forensis

170 468 419 553 perhonorifice,
447 468 540 551 signa
567 471 733 550 praeterea
759 467 996 531 benivolentiae
1025 468 1201 551 permulta

171 556 307 620 abonis
330 555 569 639 impertiuntur.
606 553 734 618 Fufium
760 555 954 619 clamoribus
978 559 1011 619 et
1034 555 1200 619 conviciis

171 648 204 708 et
232 643 337 708 sibilis
365 646 597 708 consectantur.
644 641 705 706 His
734 664 772 706 ex
799 644 896 706 rebus
924 665 990 708 non
1016 665 1107 730 spes,
1136 643 1201 706 sed
1230 664 1243 703 a

172 732 264 796 dolor
292 735 341 795 est
368 731 485 815 maior,
515 752 587 794 cum
615 730 723 794 videas
747 731 889 795 civitatis
912 731 1118 795 voluntatem
1144 753 1201 794 so-

136 820 285 904 alutam‚
307 819 461 884 virtutem
485 817 660 902 alligatam.
696 817 754 903 Aa,
776 841 816 883 ne
838 819 924 884 forte
947 841 1083 902 quaeras
1108 821 1200 883 κατὰ

172 908 293 972 λεπτὸν
316 907 354 970 de
378 906 515 990 singulis
539 906 646 989 rebus,
671 907 821 970 universa
842 929 895 971 res
919 928 956 970 eo
976 911 1025 970 est
1044 907 1201 991 deducta,

173 1017 245 1078 spes
264 998 301 1057 ut
319 995 410 1057 nulla
433 994 476 1058 sit
495 994 666 1077 aliquando
689 1015 757 1058 non
778 995 874 1059 modo
897 995 1052 1080 privatos
1074 1017 1199 1059 verum

173 1082 271 1146 etiam
293 1082 505 1166 magistratus
528 1082 648 1145 liberos
670 1082 747 1146 fore.
785 1082 855 1146 Hae
877 1083 1039 1146 tamenin
1058 1104 1243 1166 oppres-10

173 1170 264 1233 sione
291 1191 395 1234 sermo
423 1169 459 1233 in
486 1170 612 1233 circulis
641 1170 809 1233 dumtaxat
838 1174 871 1233 et
898 1170 933 1234 in
958 1171 1116 1234 conviviis
1140 1175 1199 1234 est

172 1257 305 1321 liberior
342 1279 438 1341 quam
469 1257 541 1321 fuit.
591 1257 727 1322 Vincere
761 1258 876 1341 incipit
909 1258 1060 1323 timorem
1086 1257 1199 1342 dolor,

174 1345 229 1409 sed
250 1346 306 1430 ita,
328 1350 366 1410 ut
385 1345 492 1410 onmia
511 1346 577 1409 sint
595 1345 783 1428 plenissima
802 1346 1043 1429 desperationis.
1078 1345 1198 1410 Habet

174 1433 272 1497 etiam
304 1430 467 1517 Campana
497 1433 551 1497 lex
583 1434 834 1498 exsecrationem
866 1434 1123 1519 candidatorum,
1165 1434 1197 1497 si
1267 1433 1268 1492 3

173 1521 370 1586 mentionem
388 1523 423 1586 in
444 1522 594 1586 contione
615 1522 759 1607 fecerint,
782 1543 846 1605 quo
870 1522 964 1586 aliter
987 1543 1063 1606 ager
1085 1523 1197 1605 possi-
1212 1543 1240 1583 15

173 1610 286 1674 deatur
314 1614 411 1693 atque
437 1614 475 1673 ut
503 1632 541 1673 ex
567 1610 694 1694 legibus
722 1609 823 1674 Iuliis.
869 1608 945 1674 Non
968 1610 1119 1674 dubitant
1141 1611 1196 1673 iu-

173 1720 245 1774 rare
268 1699 379 1782 cete1i3
407 1697 591 1762 Laterensis
615 1698 820 1762 existimatur
841 1697 930 1762 laute
952 1698 1078 1782 fecisse,
1102 1699 1196 1781 quod

174 1787 377 1850 tribunatum
399 1785 441 1870 pl.
465 1789 573 1869 petere
596 1786 731 1871 destitit,
752 1807 793 1849 ne
816 1785 945 1850 iuraret.

138 1893 153 1940 3
242 1873 304 1938 Sed
326 1874 365 1938 de
387 1895 422 1937 re
444 1874 572 1957 publica
592 1895 658 1937 non
676 1873 757 1936 libet
775 1873 869 1957 plura
888 1874 1033 1938 scribere.
1067 1871 1194 1957 Displi-

173 1983 228 2026 ceo
260 1961 343 2024 mihi
368 1983 427 2025 nec
455 1961 523 2026 sina
551 1983 677 2025 summo
706 1962 811 2026 scribo
843 1961 960 2026 dolore.
1010 1961 1063 2024 Me
1092 1965 1194 2025 tueor
1208 1983 1235 2022 ao

173 2051 211 2112 ut
243 2049 406 2132 oppressis
434 2050 584 2113 omnibus
615 2071 682 2113 non
714 2049 862 2134 demisse,
894 2054 931 2113 ut
958 2049 1059 2113 tantis
1089 2049 1192 2114 rebus

173 2136 274 2220 gestis
298 2158 413 2219 parum
436 2137 571 2201 fortiter.
613 2136 644 2200 Α
667 2136 802 2201 Caesare
824 2137 916 2202 valde
939 2137 1117 2201 liberaliter
1140 2137 1192 2200 in-

172 2225 259 2288 vitor
281 2224 317 2286 in
342 2223 537 2308 legationem
562 2224 666 2309 illam,
694 2225 757 2288 sibi
779 2228 817 2290 ut
840 2226 901 2289 sim
923 2225 1065 2310 legatus,
1088 2229 1192 2308 atque

174 2311 272 2375 etiam
303 2311 405 2375 libera
432 2312 552 2397 legatio
579 2313 649 2377 voti
676 2334 772 2377 causa
799 2313 901 2377 datur.
952 2312 1014 2377 Sed
1044 2313 1124 2376 haec
1155 2318 1191 2377 et

173 2398 325 2483 praesidii
352 2400 437 2482 apud
463 2401 618 2484 pudorem
643 2399 801 2464 Pulchelli
827 2423 893 2464 non
919 2401 1017 2466 habet
1045 2401 1126 2465 satis
1155 2406 1190 2466 et
1205 2423 1232 2462 aa

174 2511 192 2552 a
219 2486 329 2550 fratris
359 2487 497 2551 adventu
522 2511 573 2553 me
597 2488 739 2573 ablegat,
765 2489 823 2552 illa
845 2493 878 2552 et
900 2489 1057 2554 munitior
1080 2493 1131 2553 est
1156 2494 1190 2553 et

172 2597 238 2647 non
256 2575 398 2660 impedit,
421 2597 485 2658 quo
504 2577 611 2641 minus
629 2576 741 2662 adsim,
764 2598 862 2660 quom
876 2577 980 2641 velim.
1013 2577 1107 2640 Hanc
1125 2598 1188 2661 ego

173 2668 282 2749 teneo,
314 2663 369 2726 sed
401 2685 534 2727 usurum
565 2687 617 2728 me
643 2687 709 2728 non
736 2669 830 2750 puto,
857 2687 961 2748 neque
987 2669 1096 2728 tamen
1124 2665 1189 2728 seit

174 2751 352 2835 quisquam.
398 2749 474 2814 Non
503 2751 594 2816 lubet
616 2753 740 2837 fugere,
768 2774 845 2816 aveo
868 2774 1020 2837 pugnare.
1065 2751 1189 2836 Magna

174 2843 250 2904 sunt
263 2838 432 2902 hominum
448 2839 561 2904 studia.
591 2838 653 2903 Sed
670 2840 754 2904 nihil
768 2840 915 2924 adfirmo;
933 2844 970 2904 tu
988 2841 1051 2905 hoc
1065 2840 1186 2904 silebis.
1202 2865 1229 2904 ac

137 2945 154 2990 4
239 2926 289 2992 De
317 2924 422 2990 Statio
451 2949 549 2990 manu
575 2928 675 2993 misso
704 2931 737 2992 et
763 2950 828 2992 non
855 2929 954 2993 nullis
985 2929 1056 2993 aliis
1089 2929 1187 2993 rebus

174 3035 276 3099 angor
300 3015 460 3099 equidem,
488 3016 542 3079 sed
564 3015 628 3078 iam
652 3038 785 3099 prorsus
810 3017 950 3081 occallui.
997 3016 1046 3080 Tu
1068 3017 1187 3081 vellem

174 3123 233 3187 ego
266 3103 317 3166 vel
354 3125 501 3186 cuperem
538 3103 677 3188 adesses;
713 3126 771 3168 nec
806 3105 888 3168 mihi
924 3104 1096 3170 consilium
1127 3127 1187 3169 nec

173 3190 352 3256 consolatio
380 3191 513 3256 deesset.
560 3189 622 3256 Sed
645 3193 692 3256 ita
713 3196 746 3256 tc
769 3215 856 3278 para,
881 3195 928 3279 ut,
951 3193 979 3256 si
1001 3193 1187 3278 inclamaro,

173 3280 310 3344 advolas.
899 3325 909 3344 .
1199 3302 1224 3344 as
