2564 3880
258 159 516 214 EPISTULARUM
533 161 584 214 AD
603 161 768 216 ATTICUM
786 161 851 214 XIII
869 167 983 217 22-24.
1060 161 1125 224 411

106 307 172 366 tur.
214 301 263 366 De
287 304 405 386 quibus
428 304 522 368 libris
547 304 610 368 scis
636 326 687 368 me
710 303 884 388 dubitasse,
905 304 961 368 sed
983 309 1021 367 tu
1043 304 1128 368 vide-

106 391 163 541 rip.
210 389 306 475 Item,
334 413 416 476 quos
446 392 550 456 Bruto
573 392 750 475 mittimus,
777 390 812 455 ιιι
835 392 983 456 manibus
1006 391 1128 455 habent

107 479 131 542 li
157 479 243 543 rarii

178 566 252 631 Mea
275 568 436 653 mandata,
459 573 496 632 ut
482 568 644 653 tscribis,
667 567 798 668 explica
840 567 1041 650 Quamquam
1064 567 1162 631 istas

78 655 290 720 oretentione
314 677 425 720 omnes
449 657 495 720 ait
518 656 569 720 uti
542 655 722 720 tibebat'
698 660 777 741 trus,
806 656 883 738 quid
906 659 943 719 tu
965 656 1048 720 istos
1071 676 1127 738 pu-

107 743 183 807 tas?
219 741 318 808 Nosti
340 728 479 808 domum.
526 743 629 895 Quare
653 744 772 808 confice
796 743 979 826 εὐαγώγοις
1025 742 1128 806 Incre-

109 831 209 894 dibile
231 835 294 914 est,
325 854 422 916 quam
446 853 506 917 ego
530 832 594 896 ista
616 854 683 896 non
707 853 823 896 curem
870 830 967 895 Omni
990 831 1052 895 tibi
1076 831 1128 894 ad-

109 919 309 984 severatione
341 920 490 1006 adfirmo,
527 920 614 1004 quod
644 919 726 983 mihi
758 920 867 984 credas
899 920 1009 1006 velim,
1045 918 1127 982 mihi

107 1007 225 1072 maiori
250 1008 421 1072 offensioni
445 1029 514 1072 csse
538 1030 635 1092 quam
659 1008 864 1072 delectationi
887 1007 1127 1090 possessiuncu-

64 1121 94 1160 ιο
108 1096 157 1160 las
184 1117 282 1160 meas.
328 1095 435 1180 Magis
467 1095 553 1161 enim
585 1096 679 1160 doleo
710 1119 762 1160 me
790 1118 858 1160 non
885 1095 1019 1181 habere,
1051 1095 1128 1178 quoi

107 1184 248 1267 tradam,
276 1206 373 1267 quam
398 1186 518 1266 pendeo
544 1184 678 1268 habere,
708 1185 763 1267 qui
786 1188 868 1248 utar.
913 1183 1024 1269 Atque
1046 1183 1129 1247 illud

108 1271 281 1336 Trebatius
306 1294 339 1336 se
358 1272 422 1336 tibi
441 1272 560 1336 dinisse
578 1273 745 1356 narrabat,
769 1276 806 1336 tu
826 1276 934 1336 autem
952 1272 1075 1336 veritus
1093 1293 1127 1335 es

108 1361 258 1445 fortasse,
279 1382 321 1424 ne
344 1381 403 1446 ego
428 1361 552 1425 invitus
576 1361 728 1425 audirem.
765 1359 842 1424 Fuit
865 1360 900 1423 id
922 1361 1052 1443 quidem
1070 1360 1128 1422 hu-

108 1449 286 1532 manitatis,
316 1449 381 1534 sed,
403 1449 486 1514 mihi
509 1449 609 1532 crede,
632 1450 697 1512 iam
720 1448 784 1512 ista
806 1470 873 1511 non
896 1470 981 1512 curo.
1024 1447 1128 1524 Quare

65 1562 95 1602 15
108 1537 149 1600 da
178 1541 211 1600 ιι
239 1536 275 1600 ιιι
304 1558 485 1602 sermonem
512 1541 545 1600 ιι
574 1558 704 1621 perseca
732 1540 764 1600 et
787 1536 906 1600 confice
930 1539 963 1600 et
985 1536 1033 1599 ιιι
1055 1557 1129 1600 cum

106 1625 200 1689 Polla
223 1625 370 1711 loquere,
399 1629 437 1689 ut
460 1629 493 1690 te
516 1647 590 1689 cum
613 1625 671 1688 illo
696 1623 814 1690 Scaeva
837 1623 928 1707 loqui
951 1627 1046 1707 putes
1069 1644 1129 1686 nec

108 1714 273 1778 existimes
297 1734 360 1796 eos,
384 1713 440 1797 qui
463 1735 530 1779 non
553 1713 662 1777 debita
686 1712 864 1776 consectari
884 1711 1019 1793 soleant,
1041 1711 1130 1795 quod

108 1803 273 1884 debeatur,
305 1801 506 1866 remissuros.
557 1799 608 1865 De
640 1801 691 1864 dic
725 1804 854 1865 tantum
885 1799 995 1864 videto
1027 1803 1060 1864 ιι
1095 1799 1129 1862 id

107 1891 218 1974 ipsum
239 1889 327 1953 bono
349 1890 454 1954 mode.

66 2093 92 2131 ao
269 2120 273 2130 .
560 2064 679 2129 XXIV.

270 2185 327 2241 Sor.
342 2187 375 2240 ιι
396 2187 553 2241 Tusculano
575 2185 603 2239 V
617 2186 662 2240 Id.
680 2185 773 2255 Quint.
789 2203 815 2240 u.
832 2189 887 2240 709
906 2188 975 2254 (45).

416 2308 562 2364 CICERO
579 2307 726 2363 ATTICO
744 2308 840 2364 SAL.

177 2415 263 2492 Quid
290 2422 353 2504 est,
382 2417 469 2500 quod
491 2415 712 2500 Hermogenes
742 2417 822 2480 mihi
848 2415 980 2480 Glodius
1004 2414 1129 2480 Andro-
1148 2431 1162 2480 1

107 2526 235 2570 menem
269 2504 333 2568 sibi
366 2505 485 2569 dixisse
517 2526 552 2569 se
583 2503 768 2569 Ciceronem
798 2504 918 2568 vidisse
948 2502 1128 2588 Corcyrae?

68 2620 93 2662 ιι
108 2594 183 2679 Ego
219 2592 305 2656 enim
341 2592 451 2656 audita
485 2592 547 2656 tibi
581 2597 739 2676 putaram
796 2591 898 2656 Nil
888 2593 950 2678 1git
951 2615 991 2656 ur
1024 2615 1065 2657 ne
1100 2594 1129 2657 ei

109 2681 308 2766 quidemt
268 2680 474 2745 fittcrarum?
511 2679 565 2744 An
590 2702 658 2744 non
687 2681 792 2745 vidit?
828 2679 940 2745 Facies
968 2702 1061 2766 ergo,
1091 2686 1129 2744 ut

109 2792 218 2835 soram.

177 2857 263 2934 Quid
292 2857 355 2921 tibi
360 2877 445 3009 tego
476 2857 514 2922 de
546 2857 693 2921 Varrone
724 2857 922 2922 rescribam?
968 2857 1129 2934 Quattuor

111 2945 275 3031 διφθέραι
298 2949 374 3010 sunt
397 2946 432 3009 in
455 2950 513 3010 tua
535 2968 577 3028 po
579 2949 705 3010 et.tsta
748 2944 842 3021 Quod
864 2946 977 3030 egeris,
1000 2946 1034 3009 id
1057 2967 1130 3028 pro-

69 3062 96 3101 co
110 3035 205 3099 babo,
243 3032 313 3098 Nec
330 3038 440 3098 tamen
459 3034 623 3118 αἰδέομαι
646 3034 780 3119 Τρῶαςῖ
818 3033 902 3109 Quid
921 3034 1028 3098 enim?
1059 3031 1130 3117 Sed,

110 3124 175 3207 ipsi
205 3144 302 3206 quam
331 3144 383 3186 res
415 3122 473 3186 iila
499 3123 707 3206 probaretur,
736 3123 841 3205 magis
869 3122 1010 3186 verebar.
1058 3118 1129 3203 Sed,

111 3210 265 3296 quoniam
288 3214 325 3273 tu
349 3211 495 3296 suscipis,
518 3211 553 3275 in
575 3211 709 3274 alteram
733 3231 851 3273 aurem.

177 3298 228 3363 De
245 3299 426 3362 retentione
445 3299 595 3399 rescripsr
587 3299 681 3362 adt
667 3302 741 3362 tuas
758 3301 904 3362 accurate
925 3296 1024 3378 script
1026 3317 1061 3358 as
1010 3295 1131 3360 tlit-
1149 3310 1270 3358 cdlxv:

111 3392 206 3453 teras.
246 3385 403 3451 Conficics
426 3387 528 3471 igitur
552 3391 585 3450 ιι
604 3386 779 3470 quidem
753 3407 821 3448 sine
840 3384 907 3448 ulla
926 3384 1064 3448 dubitat'
1040 3387 1130 3447 trone

72 3501 98 3542 ιι
112 3481 168 3541 aut
191 3475 354 3539 retrectat
345 3497 427 3540 rone.
468 3474 540 3540 Hoc
562 3475 633 3539 fieri
657 3479 689 3538 ιι
712 3477 842 3557 oportet
865 3476 898 3535 ιι
921 3493 1003 3556 opus
1027 3475 1084 3535 est.
