2560 3880
187 140 254 204 482
506 139 544 192 rr.
563 137 670 192 auum
689 136 877 192 mensores
1258 121 1259 210 λ

189 302 254 364 quo
282 280 377 345 modo
402 276 493 356 οἶκος
515 284 620 363 φίλος.
666 278 781 362 Itaque
803 299 853 342 me
876 278 1020 343 referunt
1044 281 1149 362 pedes
1173 281 1211 344 in
1258 309 1259 326 2

188 368 412 442 Tusculanum.
448 367 494 432 Et
512 371 620 432 tamen
637 366 716 430 haec
734 366 953 450 ρωιιογραφία
970 367 1099 450 ripulae
1120 368 1210 431 vide
1258 397 1259 404 ο

189 460 244 520 tur
265 456 417 520 hahitare
438 455 572 519 celerem
596 454 785 518 satietatem.
826 453 985 536 Equidem
1008 455 1113 518 etiam
1137 455 1210 538 plu·

189 544 258 608 vias
288 546 412 627 metuo,
444 543 472 606 si
498 541 711 627 Prognostica
736 545 849 606 nostra
874 562 950 605 vera
978 547 1072 627 sunt,
1105 565 1209 606 ranae
1258 563 1259 568 ¹

190 631 276 696 enim
299 631 545 716 ῥητορεύουσιν.
590 629 654 715 Το,
681 651 809 715 quaeso,
834 629 885 692 fac
908 629 1016 714 sciam,
1040 631 1101 694 ubi
1125 630 1208 694 Bru-
1233 656 1241 693 s

189 724 260 783 tum
282 721 484 783 nostramet
507 739 571 801 quo
595 717 647 782 die
668 717 776 782 ridere
799 718 930 799 possim.

640 889 744 956 XVII.

361 1011 418 1067 Ser.
432 1012 465 1066 ia
482 1011 594 1066 Antiati
608 1017 693 1081 pestr.
707 1011 751 1065 Id.
766 1011 832 1065 Ιιιιι.
847 1028 872 1065 a.
890 1015 944 1066 710
963 1015 1034 1081 (44).

368 1118 370 1122 ’
493 1133 637 1189 cronno
653 1132 800 1189 Arrroo
817 1133 900 1189 sen.
956 1169 961 1188 ,

157 1260 171 1306 1
257 1240 347 1306 Duas
370 1242 476 1325 accepi
498 1241 654 1325 postridie
676 1239 761 1326 Idus,
791 1241 924 1306 alteram
947 1263 986 1306 eo
1008 1241 1061 1305 die
1086 1242 1237 1327 datam,1o

192 1329 326 1393 alteram
348 1328 468 1394 Idibus.
508 1329 602 1393 Prius
625 1329 726 1414 igitur
749 1331 914 1413 superiori.
953 1329 1002 1394 Da
1024 1330 1069 1394 D.
1090 1330 1204 1412 Bruto,

192 1439 265 1482 cum
300 1417 389 1481 scias.
443 1417 492 1481 De
524 1415 692 1481 consulum
722 1417 798 1481 ficto
830 1418 946 1482 timore
978 1437 1203 1502 cognoveram.

193 1504 284 1570 Sicca
307 1505 392 1569 enim
415 1507 642 1589 φιλοστόργως
659 1504 714 1568 ille
732 1505 869 1590 quidem,
892 1505 948 1569 sed
965 1506 1203 1570 tumultuosius

194 1593 306 1656 adme
329 1593 426 1656 etiam
447 1593 537 1656 illam
560 1591 773 1675 suspicionem
795 1593 938 1675 pertulit.
979 1592 1064 1669 Quid
1088 1597 1127 1657 tu
1152 1617 1204 1657 au-

193 1681 280 1745 tem?
317 1680 368 1744 ‘ccl
399 1676 461 1764 μὲν
488 1681 647 1764 διδόμενα
677 1679 755 1744 -'?
790 1679 926 1744 Nullum
954 1681 1040 1745 enim
1065 1681 1233 1745 verbnme

194 1791 213 1832 a
243 1767 410 1853 †Siregio.
454 1766 531 1832 Non
556 1766 669 1850 placet.
714 1767 764 1832 De
791 1767 967 1854 Plaetoria,
998 1768 1106 1832 vicino
1135 1773 1201 1851 tuo,

192 1856 383 1939 permoleste
415 1855 477 1919 tuli
509 1877 702 1938 quemquam
732 1855 823 1939 prius
855 1856 982 1919 audisse
1015 1878 1115 1938 quam
1141 1878 1201 1920 me.

193 1943 243 2007 De
276 1942 357 2027 Syro
384 1943 564 2026 prudenter,
614 1941 648 2006 L.
677 1941 855 2007 Antonium
882 1964 939 2026 per
965 1943 1114 2008 Marcum
1140 1945 1201 2008 fra·

193 2035 285 2114 trem,
307 2034 344 2095 ut
367 2031 516 2115 arbitror,
536 2029 688 2094 facillime
710 2031 892 2095 deterrebis.
933 2028 1075 2094 Autroni
1098 2032 1200 2114 vetui3

194 2118 249 2182 sed
270 2119 413 2182 nondum
435 2139 599 2202 acceperas
621 2118 819 2202 litterasue
842 2118 990 2203 cuiquam
1008 2119 1073 2182 nisi
1091 2117 1127 2182 L.
1142 2117 1200 2182 Fa·
1211 2143 1232 2182 a

194 2205 246 2270 dio
270 2206 372 2271 aedili.
408 2203 513 2270 Aliter
536 2205 622 2270 enim
644 2227 702 2270 nec
721 2209 812 2270 caute
830 2227 888 2270 nec
905 2207 975 2270 iure
993 2206 1064 2269 fieri
1081 2210 1198 2289 potest.

195 2292 286 2370 Quod
314 2294 428 2358 scribis
454 2293 517 2356 tibi
544 2293 634 2357 desse
658 2291 716 2358 HS
745 2297 780 2376 d,
807 2315 887 2377 quae
915 2290 1061 2358 Ciceroni
1089 2298 1200 2358 curata

195 2381 270 2465 sint,
282 2381 379 2445 velim
397 2382 437 2444 ab
455 2381 558 2445 Erote
576 2401 718 2464 quaeras,
736 2380 793 2444 ubi
811 2381 855 2445 sit
872 2402 991 2445 merces
1010 2381 1198 2445 insularum.

194 2465 351 2531 Arabioni
379 2468 417 2532 de
440 2466 538 2532 Sittio
561 2468 644 2532 nihil
665 2469 794 2532 irascor.
839 2467 911 2553 Ego
935 2468 974 2532 de
996 2469 1114 2532 itinere
1135 2469 1199 2532 nisi

194 2554 408 2705 pppllicatodsl
428 2555 511 2656 nihil
533 2555 654 2640 cogito,
686 2555 773 2640 quod
794 2555 878 2620 idem
900 2556 963 2620 tibi
984 2556 1087 2620 videri
1110 2561 1229 2640 pulos

59 2683 61 2685 -
158 2659 175 2704 2
229 2662 345 2706 aesa
389 2665 426 2706 su
450 2664 593 2708 errorem.

261 2727 356 2792 Nunc
382 2665 456 2794 audi
482 2730 522 2794 ed
550 2731 691 2795 alteram.
737 2730 786 2794 Tu
812 2752 887 2794 vero
914 2731 993 2794 facis
1020 2733 1058 2794 ut
1081 2732 1196 2814 omnia,

196 2816 282 2898 quod
300 2814 452 2881 Serviliae
473 2839 541 2882 non
563 2819 628 2901 des,
649 2818 683 2882 id
706 2822 755 2882 ost
773 2817 884 2882 Bruto.
920 2817 970 2882 De
992 2818 1105 2902 regina
1125 2839 1197 2903 gau·

196 2902 254 2967 deo
276 2906 309 2968 te
327 2924 393 2968 non
409 2904 564 2990 laborare,
582 2910 699 2970 testem
717 2906 814 2969 etiam
831 2905 893 2969 tibi
909 2906 1050 2989 probari.
1087 2905 1196 2970 Erotis

195 2991 336 3055 rationes
360 2994 392 3054 et
415 3012 453 3054 ex
476 2992 592 3057 Tirone
615 2994 752 3078 cognovi
775 2996 806 3056 et
828 2993 939 3057 vocavi
961 2994 1077 3077 ipsum.
1124 2991 1227 3057 Gra-ao

195 3078 374 3164 tissimum,
402 3079 487 3162 quod
517 3079 678 3162 polliceris
713 3079 859 3145 Ciceroni
889 3081 972 3144 nihil
1004 3080 1196 3166 defuturum3

196 3164 235 3228 de
254 3187 317 3248 quo
335 3166 496 3230 mirabilia
513 3166 672 3252 Messalla,
691 3168 746 3252 qui
764 3167 909 3233 Lanuvio
930 3168 1054 3232 rediens
1075 3169 1115 3233 ab
1135 3168 1195 3233 illis

196 3254 285 3316 venit
308 3253 349 3317 ad
369 3275 430 3338 me,
452 3258 485 3318 et
506 3253 686 3317 mehercule
709 3256 810 3338 ipsius
833 3255 962 3320 litterae
985 3257 1031 3320 sic
1053 3259 1087 3320 et
1108 3261 1194 3340 φιλο

195 3342 344 3422 stappae
362 3345 395 3404 et
412 3339 646 3422 πεπινωμένως
665 3343 809 3426 scriptae,
827 3347 864 3407 ut
883 3365 936 3406 aas
954 3343 1006 3408 vel
1024 3343 1058 3406 in
1077 3343 1194 3408 acroasi

195 3426 330 3491 audeam
351 3425 465 3514 legere.
503 3425 573 3502 Quo
590 3427 693 3510 magis
712 3429 760 3493 illi
779 3430 1008 3515 indulgendum
1026 3434 1115 3514 puto.
1151 3430 1224 3494 Des
