2560 3880
220 147 478 203 EPISTULARUM
495 148 545 202 AD
564 147 727 202 ATTIOUM
745 147 809 201 XVI
828 153 870 214 11,
889 152 931 201 12.
1026 146 1091 211 509

74 287 1091 464 10οξ111·111.0111011001.

74 469 169 533 tatio.
215 467 287 532 Hoc
314 472 351 532 tu
380 467 533 550 putares?
571 464 621 530 Ob
648 466 709 530 boc
739 487 798 549 ego
827 465 922 530 citius
945 464 1091 550 Romam,

76 579 176 640 quam
199 555 438 620 constitueram.
485 554 589 619 Simul
612 557 645 617 et
668 553 876 640 constituero,
900 553 1046 618 scribam.

46 670 59 710 s
145 644 221 708 Etsi
245 643 389 708 nondum
409 643 634 727 stipulationes
652 642 795 726 legeram
813 639 886 727 (nec
904 641 989 705 enim
1007 641 1091 705 Eros
1111 660 1125 707 1

75 730 235 816 venerat),
258 736 367 795 tamen
389 753 458 794 rem
480 731 582 814 pridie
604 727 681 793 Idus
704 730 802 794 velim
819 729 977 794 conficias.
1014 729 1091 812 Epi-

76 820 181 884 stulas
209 819 373 905 Catinam,
399 818 663 902 Tauromenium,
693 816 865 901 Syracusas
893 818 1091 882 commodius

75 909 207 972 mittere
233 911 361 992 potero,
394 907 422 970 si
449 906 598 971 Valerius
628 906 787 989 interpres
815 906 933 970 adme
959 905 1091 969 nomina

76 996 297 1080 gratiosorum
315 995 489 1078 scripserit.
526 993 594 1058 Alii
613 995 698 1058 enim
717 998 794 1057 sunt
812 994 902 1079 alias,
923 994 1090 1076 nostrique

32 1112 60 1150 10
75 1084 253 1147 familiares
276 1084 343 1146 fere
367 1082 535 1147 demortui.
572 1080 704 1146 Publice
721 1085 830 1145 tamen
849 1082 971 1166 scripsi,
995 1082 1023 1145 si
1040 1081 1090 1145 uti

75 1171 175 1236 vellet
198 1171 244 1235 eis
267 1170 432 1256 Valerius3
455 1174 512 1235 aut
533 1170 616 1234 mihi
637 1170 768 1234 nemina
790 1171 943 1234 mitteret.

145 1258 193 1323 De
212 1259 396 1343 Lepidianis
415 1259 505 1323 feriis
524 1257 646 1322 Balbus
665 1259 774 1321 adme
793 1280 895 1340 usquc
914 1258 954 1321 ad
966 1276 1006 1321 111
1018 1257 1090 1321 Kal
1109 1273 1124 1320 8

75 1347 282 1430 Exspectebo
306 1352 380 1411 tuas
403 1347 530 1411 litteras
553 1368 668 1429 meque
691 1347 727 1410 de
745 1345 902 1428 Torquati
924 1345 1089 1430 negotiolo

76 1436 234 1500 sciturum
256 1439 345 1518 pute.
392 1433 504 1510 Quinti
530 1435 658 1498 litteras
688 1434 728 1498 ad
755 1437 788 1498 te
810 1433 898 1517 misi,
924 1437 961 1497 ut
985 1433 1091 1518 scires,

33 1551 60 1591 10
77 1547 175 1607 quem
193 1524 285 1587 valde
304 1545 377 1587 eum
396 1526 526 1606 amaret,
547 1544 642 1606 quem
661 1522 748 1586 dolet
768 1525 836 1586 010
855 1521 962 1584 minus
982 1522 1091 1585 amari.

76 1612 219 1695 Atticae,
247 1611 413 1696 quoniam,
441 1611 527 1694 quod
551 1611 710 1694 optimum
732 1610 767 1673 in
789 1609 897 1692 pueris
922 1611 980 1694 est,
1008 1609 1090 1672 hila-

75 1700 148 1764 rula
172 1704 230 1783 est,
253 1700 333 1763 meis
355 1699 463 1763 verbis
487 1699 634 1763 suavium
658 1698 712 1762 des
735 1697 819 1761 1010.

548 1907 620 1972 XII.

151 2076 154 2082 .
206 2031 328 2086 110010
346 2030 500 2085 Puteolano
522 2029 603 2082 VIH
616 2029 660 2082 Id.
676 2029 746 2083 Noc.
763 2045 788 2082 a.
805 2031 859 2083 710
878 2032 947 2097 (44).

34 2169 61 2206 ao
382 2151 529 2207 OIOERO
546 2151 692 2206 ATTICO
710 2151 792 2206 SAL.

145 2260 230 2344 Oppi
263 2261 433 2344 epistulae,
471 2262 547 2343 quia
578 2259 775 2344 perhumana
807 2263 890 2343 erat,
922 2259 984 2322 tibi
1016 2260 1091 2323 misi

77 2350 267 2432 exemplum.
313 2348 362 2412 De
391 2347 512 2434 Ocella,
544 2349 620 2412 dum
651 2352 689 2411 tu
719 2348 898 2431 muginaris
925 2369 984 2411 nec
1010 2348 1091 2411 mihi

77 2438 250 2521 quicquam
273 2437 434 2520 rescribis,
461 2437 530 2520 cepi
553 2437 723 2500 consilium
746 2436 957 2501 domesticum
980 2436 1090 2519 itaque

75 2548 128 2589 me
162 2548 209 2608 pr.
239 2524 316 2588 Idus
351 2524 492 2588 arbitror
521 2522 644 2589 Romae
673 2525 825 2588 futurum.
882 2522 1089 2588 Oommodius

33 2641 61 2682 25
77 2618 128 2678 001
156 2614 262 2677 visum
288 2613 410 2676 frustra
436 2634 488 2676 me
516 2612 590 2677 istic
613 2634 695 2697 0000,
722 2635 795 2676 0010
817 2611 851 2675 id
872 2633 938 2675 000
960 2634 1089 2676 0000000

77 2705 178 2786 00001,
205 2722 315 2787 quam,
342 2701 370 2764 si
394 2722 475 2784 opus
499 2705 595 2782 esset,
622 2722 689 2764 non
712 2701 835 2784 adesse,
864 2703 896 2762 01
921 2700 1027 2785 011001,
1049 2723 1090 2765 00

76 2789 315 2873 intereluderer,
338 2788 529 2852 metuebam.
565 2787 625 2852 Ille
645 2789 730 2852 enim
747 2788 811 2852 iam
831 2789 1001 2852 adventare
1019 2794 1089 2873 pot-

77 2882 135 2942 est.
172 2877 246 2940 Etsi
264 2877 346 2941 10111
364 2898 509 2940 rumores
528 2877 696 2960 multique,
716 2898 797 2959 quos
816 2898 964 2958 cuperem
982 2899 1088 2960 veros3

75 2965 161 3029 nihil
182 2969 292 3029 tamen
314 2965 400 3028 certi.
446 2964 519 3048 Ego
541 2985 628 3049 vero,
651 2965 803 3048 quicquid
826 2969 883 3048 est,
905 2968 1011 3028 tecum
1034 2986 1089 3046 po-

32 3083 61 3122 10
76 3054 154 3137 1100,
182 3075 278 3138 quam
302 3053 400 3116 animi
423 3052 586 3138 pendeam,
610 3074 682 3116 0010
706 3076 724 3116 0
747 3057 780 3116 10
803 3053 915 3134 absim,
939 3056 971 3114 et
994 3051 1032 3114 de
1055 3056 1089 3114 10

77 3145 111 3204 01
144 3142 183 3204 de
213 3163 272 3205 me.
319 3140 381 3205 Sed
414 3141 490 3223 quid
522 3142 584 3204 tibi
617 3141 741 3204 dicam?
777 3139 905 3204 Bonum
938 3140 1088 3202 animum.

75 3229 127 3293 De
146 3229 379 3317 Ἡρακλειδείῳ
402 3228 560 3293 Varronis
587 3229 719 3314 negotia
747 3229 838 3292 salsa.
884 3227 937 3290 Me
961 3226 1089 3309 quidem

74 3318 160 3382 nihil
183 3340 335 3401 umquam
359 3317 404 3381 sic
428 3317 604 3382 delectavit.
642 3318 703 3383 Sed
724 3317 803 3380 baec
826 3319 858 3380 01
881 3315 943 3378 alia
967 3315 1089 3378 maiora

75 3428 195 3472 coram.
