2564 3880
146 130 213 195 380
468 129 506 182 M.
526 127 634 182 TULLI
652 126 842 182 CICERONIS

145 295 223 338 nam
245 273 329 358 legis
353 272 477 356 studeo,
501 293 599 356 quarn
622 275 659 336 ut
682 271 822 335 maxime
841 268 1001 353 adsequar
1019 263 1178 333 ἀποθέωὲ

148 377 211 426 σιν.
259 359 353 438 Quod
375 365 533 446 poteram,
556 360 584 423 si
607 360 642 422 in
665 359 737 442 ipsa
759 359 837 424 villa
860 357 1012 440 facerem3
1044 356 1112 441 sed,
1136 361 1177 420 ut

148 470 243 533 saepe
265 450 367 513 locuti
391 469 512 533 sumus,
545 447 815 512 commutationes
840 445 1047 509 dominorum
1070 445 1177 508 refor-

147 538 243 601 mido.
280 536 321 600 ln
344 558 422 622 agro
445 535 640 618 ubicumque
662 535 777 619 fecero,
800 534 882 598 mihi
904 532 1016 598 videor
1035 532 1175 616 adsequi

147 646 254 710 posse,
275 628 313 688 ut
336 624 512 708 posteritas
534 623 654 687 habeat
671 624 870 708 religionem.
908 620 979 686 Hac
997 641 1087 684 meae
1106 620 1174 684 tibi
1203 645 1216 686 1
1265 661 1266 696 r

148 714 289 797 ineptiae
318 711 437 799 (fateor
465 709 565 796 enim)
594 712 743 776 ferendae
771 714 860 795 sunt3
892 731 969 774 nam
995 708 1101 773 habeo
1130 730 1174 772 ne
1265 709 1266 716 ’

148 823 201 865 me
223 800 354 886 quidem
375 801 493 886 ipsum,
516 799 646 884 quicum
669 804 737 863 tam
761 799 912 863 audacter
935 796 1174 862 communicem

149 911 247 972 quam
269 892 380 954 tecum.
419 887 478 954 Sin
500 887 562 952 tibi
585 910 646 973 res,
671 889 698 952 si
721 888 822 972 locus,
846 886 875 950 si
892 886 1083 950 institutum
1102 885 1173 968 pla-

149 981 208 1063 111,
230 977 312 1061 lege,
339 997 468 1061 quaeso,
491 977 596 1060 legem
618 976 764 1059 mihique
787 985 858 1039 eam
880 974 983 1038 mitte.
1032 973 1173 1057 Siquid
1265 1047 1266 1056 ¹

147 1065 184 1128 in
213 1068 354 1128 mentem
378 1068 498 1149 veniet,
528 1086 592 1148 quo
616 1064 713 1128 modo
737 1086 808 1128 eam
832 1063 973 1148 effugere
994 1061 1173 1146 possimus,
1188 1088 1215 1126 re

148 1155 286 1217 utemur.
1030 1172 1032 1176 ·
1265 1209 1266 1236 ,

114 1259 130 1305 2
216 1239 269 1304 Ad
291 1239 430 1305 Brutum
458 1241 487 1305 si
511 1240 589 1324 quid
612 1241 746 1326 scribes,
775 1239 841 1304 nisi
864 1239 1006 1304 alienum
1028 1239 1173 1324 putabis,
1265 1237 1266 1288 l

151 1328 324 1414 obiurgata
348 1351 431 1415 eum,
454 1329 541 1413 quod
563 1328 599 1392 in
624 1327 767 1393 Cumano
787 1350 858 1392 esse
875 1326 1018 1392 noluerit
1036 1331 1173 1411 propter

151 1437 221 1480 eam
251 1439 395 1502 causam,
427 1438 524 1500 quam
551 1416 614 1480 tibi
641 1415 731 1480 dixit.
779 1415 947 1500 Cogitanti
974 1415 1062 1480 enim
1088 1415 1172 1478 mihi

149 1503 234 1568 nihil
256 1509 325 1570 tam
347 1506 474 1570 videtur
497 1505 643 1588 potuisse
666 1505 771 1570 facero
793 1505 921 1569 rustice.
967 1503 1029 1590 Et,
1056 1502 1085 1568 si
1107 1504 1213 1570 1111111

149 1592 290 1676 placebit
314 1593 477 1677 sicagere
500 1593 647 1676 dotano,
675 1596 712 1656 ut
736 1593 909 1677 coepimus,
936 1591 1034 1656 velim
1058 1591 1172 1656 cohor·

150 1685 218 1746 tere
252 1684 284 1744 11
318 1702 453 1744 exacuas
486 1677 660 1745 Cluatium.
706 1679 806 1765 Nam,
839 1678 966 1744 etiamsi
1000 1679 1066 1744 alio
1098 1681 1172 1745 loco

149 1768 300 1854 placebit,
323 1767 412 1832 illius
435 1767 532 1832 nobis
557 1790 654 1851 opera
677 1769 877 1852 consilioque
900 1767 1058 1832 utendum
1082 1772 1173 1852 puto

150 1855 200 1920 Tu
224 1856 263 1921 ad
286 1857 398 1921 villam
421 1856 560 1920 fortasse
585 1877 662 1920 cras.

577 2029 744 2096 XXXVII.
1188 2057 1215 2096 ao
1265 2069 1266 2072 ¹

410 2151 467 2206 Sor.
482 2152 532 2205 IV
547 2152 622 2207 Noa.
638 2151 712 2206 Mai.
728 2170 753 2206 a.
770 2157 825 2208 709
844 2154 913 2220 (45).

451 2273 597 2329 CICERO
615 2275 763 2330 ATTICO
782 2275 863 2330 SAL.

115 2400 130 2448 1
218 2381 249 2446 A
280 2385 313 2446 te
344 2381 416 2446 heri
449 2382 528 2447 duas
559 2382 716 2465 epistulas
750 2383 873 2466 accepi,
906 2382 1042 2446 alteram
1069 2383 1175 2466 pridie
1265 2381 1266 2384 ’

151 2470 260 2533 datam
282 2468 406 2553 Hilaro,
430 2470 566 2534 alteram
589 2470 701 2534 ecdem
725 2469 775 2534 die
796 2469 977 2554 tabellaria,
1000 2471 1175 2555 accepique

152 2558 192 2622 ab
215 2556 367 2641 Aegypta
385 2558 504 2622 liberto
524 2557 636 2622 eodem
654 2559 705 2622 die
724 2556 841 2622 Piliam
861 2561 893 2622 11
911 2556 1057 2622 Atticam
1075 2558 1175 2642 plane
1188 2581 1213 2625 11

150 2645 235 2709 belle
267 2666 302 2708 se
328 2644 454 2710 habere.
502 2644 596 2721 Quod
625 2646 707 2710 mihi
734 2645 830 2710 Bruti
856 2646 998 2730 litteras,
1031 2650 1174 2731 gratum.
1265 2695 1266 2698 ,

150 2731 203 2796 Ad
225 2754 277 2796 me
301 2754 428 2816 quoque
452 2732 555 2818 misit3
579 2755 660 2817 quae
683 2735 812 2798 litterae
831 2734 913 2798 mihi
930 2733 1076 2798 redditae
1096 2740 1176 2799 sunt

150 2821 250 2885 tertio
279 2820 402 2885 docimo
431 2821 490 2885 dia.
536 2821 620 2885 Eam
649 2822 755 2905 ipsam
779 2821 818 2885 ad
842 2825 875 2886 te
898 2821 1073 2906 epistulam
1096 2824 1175 2887 misi

152 2911 184 2972 et
207 2909 248 2972 ad
271 2930 342 2971 eam
366 2909 548 2991 exemplum
571 2910 932 2984 mearumlitterarum.

114 3012 130 3060 2
213 2995 262 3060 De
285 2996 376 3079 fano,
405 2996 433 3059 si
455 2996 539 3060 nihil
561 2997 643 3060 mihi
665 2997 838 3061 hortorum
860 2998 1000 3081 invenis,
1023 2999 1079 3080 qui
1104 3000 1176 3082 qui·
1189 3025 1216 3066 aa
1265 3023 1266 3026 ¹

150 3083 223 3147 dem
255 3083 318 3147 tibi
349 3084 533 3148 inveniendi
567 3089 657 3171 sunt,
684 3085 712 3149 si
740 3108 791 3149 me
822 3085 907 3149 tanti
935 3086 1030 3172 facis,
1057 3088 1177 3170 quanti
1265 3163 1266 3172 ¹

151 3175 235 3237 certe
258 3171 347 3255 facis,
377 3171 468 3236 valde
491 3173 595 3255 probo
620 3173 780 3238 rationem
803 3177 894 3237 tuam
918 3175 957 3237 de
979 3173 1175 3239 Tusculano,
1265 3217 1266 3224 1

150 3257 304 3334 Quamvis
328 3261 468 3342 prudens
493 3261 533 3323 ad
557 3260 764 3344 cogitandum
789 3261 849 3345 sis,
877 3261 960 3325 sicut
983 3282 1032 3348 11,
1055 3267 1177 3350 tamen,

120 3347 124 3372 ³
149 3347 214 3409 nisi
244 3367 380 3431 magnae
408 3369 503 3411 curae
531 3347 593 3410 tibi
621 3352 720 3431 esset,
748 3353 786 3412 ut
810 3371 869 3434 ego
894 3371 1108 3433 consequerer
1131 3351 1177 3436 id,

151 3432 238 3514 quod
261 3455 379 3519 magno
404 3455 500 3518 opere
523 3433 652 3518 vellem,
679 3457 858 3519 numquam
881 3458 918 3501 ea
941 3459 993 3501 111
1017 3438 1080 3501 tibi
1103 3441 1175 3502 tam
1190 3463 1217 3505 11
