2560 3880
308 130 563 186 EPISTULARUM
581 130 631 184 AD
649 131 801 186 BRUTUM
819 132 832 184 Ι
851 137 892 186 16.
1033 132 1098 196 545

91 276 178 339 bere
197 278 228 337 et
214 273 318 338 tdioi
341 273 522 338 consulares
540 274 701 337 volumus!
734 271 793 338 Oet
779 276 883 337 terum
904 274 1098 375 nequiquam

92 361 226 447 perierit
211 361 335 426 tilla?
380 359 479 426 Cuius
511 361 645 426 interitu
676 361 752 454 quid
784 361 887 444 gavisi
913 383 1038 444 sumus,
1070 362 1098 426 si

92 455 224 514 mortuo
255 449 357 514 nihilo
388 448 494 514 minus
528 448 677 514 servituri
704 443 850 513 eramus?
877 449 993 533 †nulla
1024 471 1099 514 cura

94 538 226 603 adhibet
212 537 288 601 tur?
325 535 386 601 Sed
412 537 493 601 mihi
515 536 605 619 prius
633 537 741 602 omnia
763 537 796 600 di
818 538 955 620 deaeque
978 538 1097 638 eriptue

63 626 163 693 arint
187 647 282 709 quam
306 625 386 689 illud
407 625 573 709 iudicium,
599 647 663 708 quo
684 647 751 690 non
772 626 867 689 modo
890 624 1048 689 heredi
1022 647 1099 711 erus,

95 736 192 797 quem
216 713 329 794 occidi,
357 734 424 777 non
442 713 669 798 concesserim,
698 713 783 797 quod
805 713 839 776 in
862 713 918 776 ιιιο
942 717 1043 776 nont
1029 713 1099 797 tuli,
1167 767 1170 771 .

96 801 153 866 sed
177 823 219 865 ne
245 763 331 885 patri
358 801 486 884 quidem
513 822 599 887 meo,
630 801 659 865 si
680 801 920 884 revivescat,u
899 801 1099 884 utpatiente
1178 863 1185 886 ,

94 912 148 954 me
174 889 247 972 plus
275 888 401 974 legibus
428 910 464 952 ac
493 893 582 954 senat
583 854 605 952 d
632 889 743 971 possit.
721 887 841 952 tAn
859 851 961 954 ιιοιι
947 889 1008 953 tibi
1031 911 1099 972 per-

97 1000 228 1042 suasum
251 982 309 1063 est,
286 977 467 1041 ttfore
418 981 467 1040 ιιι
469 998 540 1040 eros
563 971 603 1039 ab
626 999 663 1040 eo
686 977 815 1060 liberos,
838 999 901 1060 quo
920 977 1021 1042 invito
1044 998 1099 1040 no-

50 1094 80 1133 ro
96 1066 207 1130 bism
228 1065 291 1129 ista
313 1065 443 1128 civitate
465 1065 554 1128 locus
572 1086 638 1129 non
656 1065 720 1128 sit?
757 1029 818 1140 Qu'i
835 1087 932 1148 porro
950 1065 993 1148 id,
1015 1065 1099 1148 quod
1175 1139 1180 1152 ¹

96 1157 152 1237 pet
154 1154 191 1239 is,
138 1153 283 1216 tfieri
304 1156 413 1236 potest
435 1153 498 1216 ιιι
489 1173 573 1236 impe
574 1154 662 1217 tres?
697 1151 807 1237 Rogas
830 1152 924 1240 enim,
946 1117 1023 1217 ιιιιι
1040 1174 1099 1216 nos

98 1205 205 1305 salvds
242 1262 318 1306 esse.
370 1239 525 1305 Videmur
562 1244 684 1324 ergot
670 1241 732 1304 tibi
764 1241 848 1305 salut
834 1244 899 1305 tem
931 1241 1100 1326 accepturi,

97 1352 171 1394 cum
193 1328 293 1393 vitam
316 1328 550 1410 acceperimus?
587 1326 698 1429 Quam,
719 1329 782 1393 nisi
801 1329 889 1411 prius
908 1329 1098 1393 dimittimus

97 1417 237 1502 dignitat
204 1438 288 1480 aem
311 1419 343 1480 et
364 1416 556 1502 libertatem,
579 1416 634 1499 qui
656 1437 826 1500 possumus
850 1416 1010 1500 accipere?
1046 1415 1134 1482 Ano

52 1533 81 1574 ιι
97 1510 136 1568 tu
163 1503 285 1568 Romae
311 1503 472 1589 habitare,
502 1504 536 1567 id
565 1508 659 1586 putas
687 1504 877 1569 incolumem
900 1505 990 1568 esse?
1025 1503 1099 1587 Res,

97 1614 164 1657 non
185 1593 274 1656 locus
297 1595 425 1674 oportet
446 1595 586 1674 praestet
607 1592 691 1656 istuc
713 1592 801 1656 mihi.
846 1590 960 1675 Neque
981 1592 1100 1656 incolu-

97 1681 160 1744 mis
188 1678 321 1744 Caesare
348 1680 421 1744 vivo
449 1680 508 1764 fui,
537 1680 600 1743 nisi
627 1683 836 1765 posteaquam
858 1679 939 1744 ιιιιιιι
960 1681 1100 1745 ιοιιιιιι

97 1768 231 1852 facinus,
252 1789 355 1850 neque
377 1788 512 1850 usquam
530 1767 621 1831 exsul
639 1788 708 1831 esse
725 1790 865 1854 possum,
888 1769 964 1832 dum
982 1769 1099 1832 servire

98 1860 132 1920 ιι
158 1856 225 1938 pati
253 1859 327 1920 cont
313 1854 460 1918 tumelias
488 1855 578 1938 peius
607 1856 702 1920 odero
731 1856 823 1920 malis
848 1856 995 1921 omnibus
1019 1857 1098 1920 aliis

54 1971 84 2010 ao
98 1941 215 2007 Nonne
236 1943 298 2008 hoc
321 1943 401 2008 est
392 1964 428 2006 m
450 1943 574 2007 easdem
597 1943 745 2007 tenebras
767 1944 926 2031 recidisse,
947 1965 977 2008 sc
971 1945 1034 2008 ab
1053 1966 1100 2029 co,

99 2031 156 2114 qui
178 2031 308 2114 tyranni
330 2052 448 2094 nomen
469 2031 604 2095 adscivit
626 2031 699 2115 sibi,
722 2053 794 2094 cum
815 2032 851 2096 in
874 1997 1052 2096 Graecis
1025 2033 1099 2096 c1vi-

99 2118 221 2182 tatibus
251 2118 385 2182 liberit
371 2122 580 2202 tyrannorum
608 2119 769 2201 oppressis
797 2119 862 2183 illis
890 2120 1000 2184 eodem
1027 2142 1099 2203 sup-

100 2205 196 2288 plicio
220 2205 417 2291 adficientur,
442 2207 572 2290 petitur,
595 2210 631 2269 ut
617 2206 793 2271 tvindices
817 2210 911 2290 atque
935 2229 1099 2290 oppresso-

100 2315 151 2357 res
169 2292 395 2356 dominatiouis
414 2293 494 2358 salvi
514 2295 600 2358 sint?
624 2293 717 2358 Hanc
734 2315 793 2378 ego
812 2295 975 2359 civitatem
992 2295 1099 2360 videre

57 2409 85 2449 as
99 2380 197 2446 velim
220 2383 275 2443 aut
297 2384 406 2463 putem
429 2381 537 2468 ullam,
563 2404 644 2466 quae
664 2404 706 2445 ne
728 2383 879 2446 traditam
902 2383 1028 2466 quidem
1051 2388 1099 2448 at—

101 2491 163 2552 que
189 2468 380 2532 inculcatam
406 2468 536 2534 libortat
522 2474 586 2534 tem
612 2471 750 2553 recipere
778 2471 882 2555 possit
902 2471 1038 2554 plusque
1060 2472 1099 2537 ti-

100 2557 218 2622 meat
208 2579 243 2619 m
265 2578 363 2657 puero
381 2578 497 2620 nomen
515 2557 632 2622 sublat
608 2562 634 2622 ιι
652 2559 737 2643 regis
756 2580 852 2642 quam
870 2559 1009 2624 confidat
1028 2560 1100 2645 sibi,

101 2666 173 2709 cum
195 2644 320 2708 illum
311 2666 425 2728 ipsum,
453 2646 508 2728 qui
530 2646 685 2710 maximas
709 2668 785 2730 opes
807 2646 955 2710 habuerit
941 2650 1100 2730 t,pauco-

101 2755 172 2797 rum
201 2733 322 2798 virtute
353 2733 515 2798 sublatum
541 2733 669 2799 videat?
713 2734 766 2798 Me
793 2755 868 2798 vero
897 2739 971 2835 post
957 2734 1031 2799 theo
1059 2757 1099 2798 ne

61 2847 88 2887 ιο
101 2821 368 2886 commendaveris
393 2820 519 2886 Caesari
545 2826 616 2908 tuo,
644 2842 684 2885 ne
713 2826 746 2886 ιι
774 2822 1044 2908 quidem1psum,
1072 2822 1099 2885 si

100 2930 150 2973 me
179 2910 295 2974 audies
321 2903 442 2974 Valde
464 2932 536 2974 care
558 2910 707 2974 aestimas
729 2913 781 2974 tot
803 2931 912 2994 annos,
935 2914 1099 2994 quota
1036 2911 1099 2973 ista

28 3051 32 3058 .
100 3000 187 3060 actas
210 2998 334 3084 recipit,
356 2998 384 3062 si
407 3002 538 3082 propter
556 3020 626 3062 earn
643 3020 771 3061 causam
789 3020 888 3081 puero
906 2998 963 3061 isti
981 2997 1099 3080 suppli-

100 3090 150 3150 cat
151 3107 227 3149 urus
251 3107 292 3150 es.
337 3085 469 3172 Deinde,
495 3086 581 3169 quod
602 3085 812 3169 pulcherrime
834 3087 939 3149 fecisti
912 3090 998 3148 tac
1019 3086 1133 3150 facisv

100 3173 133 3236 in
150 3171 218 3236 Ant
204 3173 303 3255 tonio,
325 3173 397 3237 vide
415 3195 454 3236 ne
476 3177 640 3238 convertat
641 3196 680 3238 ur
702 3196 720 3237 a
743 3173 834 3237 laude
852 3174 983 3236 maximi
1001 3172 1100 3236 animi

61 3285 87 3326 ιι
101 3260 139 3324 ιιι
157 3261 338 3343 epimonem
356 3260 544 3325 formidinis.
579 3259 674 3346 Nam,
692 3262 720 3324 si
739 3260 890 3325 Octavius
908 3261 970 3324 tibi
987 3261 1100 3346 placet,

101 3371 119 3413 ι
146 3370 208 3432 quo
238 3348 276 3413 de
302 3353 412 3413 nostra
442 3348 545 3412 salute
512 3313 737 3432 tpetendum
760 3350 817 3435 sit,
847 3369 912 3412 non
935 3349 1099 3412 dominum

100 3436 233 3520 fugisse,
266 3437 320 3501 sed
348 3437 528 3502 amiciorem
556 3437 720 3502 dominum
747 3435 907 3520 quaesisse
934 3436 1099 3500 videberis.

153 3547 197 3588 (ιιι.
212 3549 277 3597 apro.
290 3549 320 3590 11.
905 3545 939 3593 35
