2616 3884
153 149 218 213 214
471 150 508 204 Μ.
529 149 635 204 TULLI
653 149 841 206 CICERONIS

153 293 223 357 mis.
268 293 418 358 Intellexi
441 315 480 358 ex
503 293 626 357 dierum
648 294 786 378 ratione,
814 298 851 359 ut
874 295 1014 378 primum
1038 294 1076 358 de
1099 294 1162 360 dis·

153 403 244 445 cessu
270 386 382 448 nostro
407 379 524 446 ansar
552 381 706 468 audisset,
733 383 879 448 laborare
908 405 981 447 eum
1009 383 1161 469 coepisse,

151 491 193 534 ne
225 491 334 535 omnes
367 470 556 534 abessemus.
606 470 720 555 Itaque
751 492 818 535 non
850 471 977 556 dubito,
1010 471 1089 555 quin
1121 473 1161 535 ad

151 557 315 644 Pisonem,
345 558 424 643 quin
451 559 490 623 ad
518 556 666 624 Servium
696 559 872 644 scripserit3
901 559 982 624 illud
1012 559 1161 645 admiror,

152 669 219 712 non
240 647 347 730 ipsum
371 647 410 710 ad
433 669 484 710 me
503 646 678 732 scripsisse,
700 668 766 712 non
786 669 844 731 per
861 645 1072 732 Dolabellam,
1093 669 1161 712 non
1190 676 1202 716 5

152 757 208 818 per
232 733 375 799 (laelium
399 735 516 820 egisse..
547 733 748 820 Quamquam
769 757 836 801 non
858 757 1011 820 aspernor
1028 735 1160 800 Itebati

117 824 292 908 alitteras3
325 846 343 887 1
372 845 436 907 quo
468 844 519 887 me
551 823 643 888 unice
676 823 768 910 diligi
801 823 875 889 scio.
925 823 1088 907 Rescripsi
1120 823 1160 888 ad

152 912 338 976 Trebatium
361 909 451 997 (nam
474 912 512 975 ad
541 912 649 996 ipsum
673 909 854 996 Caesarem,
884 912 940 997 qui
968 912 1050 976 mihi
1077 911 1161 976 nihil

153 1000 343 1086 scripsisset,
365 997 480 1084 nolui),
504 1021 600 1084 quam
622 1000 703 1064 illud
724 998 787 1065 hoo
804 1003 949 1084 tempore
972 1004 1055 1064 esset
1078 1000 1160 1064 diffi-

151 1088 223 1173 cile3
246 1109 297 1151 me
320 1091 429 1152 tamen
451 1088 486 1151 in
508 1089 646 1172 praediis
673 1089 753 1153 meis
780 1109 850 1153 esse
876 1109 979 1172 neque
1007 1089 1160 1160 dilectum
1175 1119 1202 1156 10

151 1176 255 1240 ullum
286 1197 389 1260 neque
419 1177 587 1261 negotium
623 1177 807 1260 suscepisse.
861 1175 901 1240 In
936 1198 1000 1260 quo
1031 1177 1159 1260 quidem

151 1265 297 1350 manebo,
320 1265 397 1329 dum
421 1286 493 1348 spes
516 1265 603 1348 pacis
628 1266 703 1351 erit3
727 1265 778 1330 sin
795 1264 917 1328 bellum
935 1268 1073 1350 geretur,
1094 1286 1161 1330 non

150 1354 244 1417 deero
273 1353 380 1417 officio
407 1374 466 1417 neo
493 1353 646 1439 dignitati
671 1375 760 1418 meae
791 1375 908 1437 pueros
935 1351 1160 1438 ὑπεκθέμενος

150 1442 185 1505 in
209 1439 382 1506 Graeciam.
427 1441 543 1507 Totam
571 1443 656 1506 enim
682 1441 811 1507 Italiam
838 1440 1046 1526 flagraturam
1074 1442 1159 1506 bello

151 1530 311 1614 intellego.
358 1529 498 1594 Tantum
520 1531 597 1594 mali
620 1535 665 1596 est
690 1531 866 1594 exaltatum
888 1530 1007 1613 partim
1034 1551 1073 1594 ex
1102 1528 1160 1593 im·
1175 1557 1202 1598 15

151 1619 276 1705 probis,
303 1618 424 1703 partim
454 1640 492 1682 ex
521 1618 638 1683 invidis
669 1618 800 1683 civibus.
854 1616 915 1682 Sed
944 1617 1022 1682 haec
1049 1618 1159 1701 paucis

151 1706 262 1771 diebus
286 1729 324 1772 ex
346 1706 434 1771 illius
463 1707 502 1770 ad
528 1710 641 1772 nostra
668 1729 819 1788 responsa
847 1707 1009 1790 responsis
1036 1706 1160 1770 intelle

150 1799 267 1880 gentur
299 1817 453 1880 quorsum
485 1816 617 1862 evasura
649 1795 722 1859 sint.
773 1795 856 1860 Tum
887 1795 927 1859 ad
958 1799 991 1860 te
1022 1795 1160 1860 scribam

149 1885 257 1972 plura,
284 1884 312 1948 11
336 1884 398 1948 erit
420 1883 555 1985 bellum3
588 1884 639 1948 sin
661 1883 802 1968 †autem
825 1883 923 1948 etiam
947 1882 1102 1968 indutiae,
1126 1887 1159 1948 te

115 1972 610 2146 blpsullngouinipllbiiailbeil,
633 2082 697 2144 quo
716 2060 767 2124 die
789 2059 848 2124 has
871 2059 996 2124 h'tteras
1020 2058 1100 2144 dedi,
1123 2058 1159 2122 in
1174 1999 1202 2037 2⁰

149 2147 331 2234 Formione,
355 2171 418 2232 quo
441 2145 550 2231 Capua
572 2149 736 2233 redieram,
758 2148 908 2212 mulieres
928 2146 1157 2231 exspectabam.

150 2234 272 2310 Quibus
297 2236 425 2320 quidem
449 2237 639 2320 scripseram
662 2236 728 2300 tuis
754 2237 874 2301 litteris
897 2236 1094 2320 admonitus,
1120 2239 1158 2300 ut

148 2323 271 2388 Romae
299 2327 472 2390 manerent.
526 2322 588 2390 Sed
619 2325 712 2389 audio
747 2325 902 2389 maiorem
936 2324 1095 2407 quendam
1123 2323 1159 2387 in

149 2411 228 2476 urbe
259 2412 409 2477 timorem
441 2434 518 2479 esse.
569 2410 696 2496 Capuae
723 2412 827 2478 Nonis
855 2411 946 2477 Febr.
979 2433 1047 2477 esse
1074 2412 1158 2477 vole·
1172 2437 1200 2479 11

148 2499 236 2585 bam,
271 2501 346 2584 quia
375 2502 520 2567 consules
550 2502 717 2566 iusserant.
769 2500 928 2586 Quicquid
955 2499 1019 2564 huc
1049 2501 1110 2565 erit
1140 2523 1158 2564 1

147 2587 300 2671 Pompeio
333 2589 480 2674 allatum,
511 2591 622 2655 statim
653 2590 693 2653 ad
723 2593 756 2654 te
785 2590 923 2654 scribam
954 2592 1092 2673 tuasque
1119 2588 1157 2653 de

148 2675 220 2741 istis
244 2677 340 2741 rebus
362 2677 488 2741 litteras
512 2678 711 2762 exspectabo

592 2835 711 2902 XVIII.

277 2955 333 3013 Ser.
353 2958 384 3010 ta
402 2957 555 3012 Formidao
573 2959 629 3011 ΙΙΙ
643 2960 718 3014 Noa.
738 2958 818 3013 Febr.
838 2977 863 3012 c.
884 2961 940 3012 705
959 2960 1028 3026 (49).
1172 2968 1198 3007 ao

452 3080 597 3136 CICERO
614 3081 761 3138 ATTICO
779 3081 860 3137 SAL.

113 3208 127 3257 1
214 3206 266 3252 1111
288 3187 372 3254 Non.
395 3188 486 3254 Febr.
509 3189 658 3253 mulieres
681 3193 811 3258 nostrae
832 3188 979 3255 Formias
1000 3191 1158 3253 venerunt

148 3282 267 3362 tuaque
291 3298 367 3362 erga
390 3299 423 3342 se
447 3278 553 3343 officia
580 3278 674 3360 plena
701 3278 751 3341 tui
779 3276 962 3342 suavissimi
989 3277 1090 3341 studii
1117 3276 1157 3341 ad

148 3389 199 3431 me
217 3367 427 3449 pertulerunt.
465 3365 531 3430 Fas
551 3386 620 3450 ego,
639 3366 744 3449 quoad
763 3367 926 3451 sciremus,
944 3369 1054 3430 utrum
1068 3364 1157 3448 turpi

149 3476 226 3539 pace
256 3455 349 3520 nobis
369 3479 418 3539 111
447 3455 564 3519 misero
594 3453 679 3518 bello
708 3457 791 3517 esset
818 3455 987 3538 utendum,
1016 3454 1051 3517 in
1079 3450 1157 3517 For·
1171 3477 1198 3518 aa
