2578 3886
274 143 533 198 EPISTULARUM
553 145 603 197 AD
623 144 786 199 ATTICUM
805 145 830 198 X
851 151 892 214 15,
914 151 954 201 16.
1063 147 1130 210 319

571 375 658 440 XVI.

273 495 329 552 Scr.
344 497 376 550 ia
396 496 520 550 Gaurano
535 498 611 565 prid.
626 498 671 552 Id.
687 497 760 552 Mai.
776 517 802 553 u.
819 502 875 553 705
894 501 963 566 (49).

413 621 559 676 CICERO
576 621 724 676 ATTICO
743 620 825 676 SAL.

173 728 386 794 Commodum
425 731 465 793 ad
500 734 534 793 te
567 723 715 793 dederam
747 729 875 794 litteras
908 730 947 793 de
978 729 1162 813 pluribusl

64 819 211 902 erebus,
236 839 308 881 cum
332 817 371 881 ad
394 839 446 881 mc
469 817 551 881 bene
574 840 668 882 mane
691 817 869 902 Dionysius
893 818 996 902 †fuit.
1043 817 1127 893 Quoi

96 907 236 990 quidem
271 927 330 990 ego
362 927 430 970 non
461 906 557 970 modo
590 906 782 989 placabilem
814 928 865 970 me
897 907 1127 992 praebuissem,

95 996 158 1060 sed
187 998 295 1058 totum
323 994 533 1078 remisissem,
566 994 594 1057 si
621 995 777 1079 venisset,
810 1016 873 1078 qua
895 999 1004 1059 menie
1027 998 1063 1057 bu
1087 994 1126 1057 ad

94 1105 153 1147 me
189 1082 372 1166 scripseras.
424 1082 506 1146 Erat
539 1083 625 1146 enim
653 1083 757 1146 sicin
784 1084 850 1146 tuis
878 1083 1012 1168 littorio,
1046 1105 1126 1166 ques

95 1171 223 1254 Arpini
247 1191 444 1256 acceperam,
476 1193 549 1234 cum
572 1175 745 1234 venturum
768 1171 1007 1256 facturumque,
1039 1171 1126 1254 quod

51 1286 80 1324 ro
97 1281 164 1344 ego
189 1259 312 1322 vellem.
358 1258 431 1343 Ego
454 1259 603 1322 volebam
627 1263 734 1322 autem
757 1258 810 1322 vel
828 1259 995 1343 cupiebam
1015 1260 1141 1342 polius*¹

96 1369 175 1412 esse
203 1369 276 1410 eum
299 1347 477 1411 nobiscum.
524 1346 617 1422 Quod
645 1348 721 1430 quia
750 1347 859 1430 plane,
889 1369 962 1411 cum
992 1348 1028 1410 in
1049 1347 1125 1412 For-

96 1437 249 1500 mianum
281 1435 437 1519 venisset,
468 1436 681 1520 praeciderat,
713 1435 858 1519 asperius
891 1436 930 1499 ad
958 1440 992 1499 ic
1020 1436 1057 1499 de
1087 1457 1125 1499 eo

79 1523 244 1588 ¹scribere
268 1523 421 1587 solebam.
459 1524 505 1587 Aa
528 1524 583 1587 illc
606 1545 765 1606 perpauca
788 1524 916 1587 locutus
936 1524 1020 1588 hanc
1040 1546 1124 1587 sum-

96 1635 191 1676 mam
218 1611 334 1675 habuit
364 1611 533 1696 orationis,
565 1616 602 1675 ul
631 1612 694 1674 sibi
723 1612 938 1698 ignoscerem3
971 1635 1004 1676 se
1027 1612 1124 1675 rebus

54 1725 82 1765 15
100 1701 173 1764 suis
206 1699 398 1782 impeditum
429 1700 599 1763 nobiscum
626 1700 674 1763 ire
701 1721 768 1764 non
795 1721 898 1783 posse,
944 1699 1050 1763 Pauca
1077 1722 1125 1763 re-

100 1787 230 1872 spondi,
252 1809 407 1872 magnum
432 1789 538 1871 accepi
557 1788 710 1871 dolorem,
733 1788 880 1851 intellexi
898 1789 1064 1852 fortunam
1084 1789 1124 1852 ab

5 1877 7 1888 ²
100 1899 141 1940 eo
169 1879 315 1939 nostram
343 1876 526 1959 despectam
556 1898 633 1940 esse.
681 1875 763 1951 Quid
787 1876 938 1959 quaeris?
973 1874 1124 1961 (forbasse

98 1961 289 2051 miraberis)
327 1963 362 2027 in
398 1964 548 2028 maximis
585 1964 702 2028 horum
740 1968 924 2047 temporum
956 1965 1123 2028 doloribus

97 2053 190 2116 hunc
213 2051 293 2115 mihi
318 2052 400 2115 scito
425 2074 501 2116 esse.
539 2052 656 2137 Velim,
679 2056 716 2116 ut
740 2052 802 2115 bibi
821 2052 942 2115 amicus
962 2054 1014 2116 sit.
1052 2053 1124 2116 Hoc

55 2167 84 2205 so
100 2164 177 2205 cum
200 2141 263 2204 libi
286 2143 373 2226 opto,
397 2145 486 2223 opt0,
509 2144 547 2203 ui
569 2141 683 2204 beatus
704 2140 763 2224 sis3
787 2140 849 2204 erit
868 2140 954 2204 enim
973 2144 1040 2204 iam
1059 2141 1122 2204 diu.

173 2226 354 2292 Consilium
390 2233 540 2292 nostrum
574 2251 667 2312 spero
700 2250 836 2292 vacuum
869 2228 1011 2311 periculo
1045 2229 1157 2293 sorau

99 2315 190 2381 Nam
218 2320 250 2380 et
278 2317 550 2380 dissimulavimus
579 2321 625 2401 et,
657 2321 694 2381 ut
723 2316 838 2399 opinor
844 2367 853 2399 ,
885 2339 948 2380 uon
972 2318 1124 2380 acerrime

5 2479 6 2482 Ἴ
102 2404 355 2470 adservabimur.
401 2403 576 2489 Navigalio
600 2405 696 2469 modo
721 2405 778 2488 sib,
808 2405 935 2488 qualem
960 2409 1054 2489 opto,
1077 2428 1124 2469 ce-

101 2498 188 2578 lcra,
222 2515 303 2577 quae
332 2492 461 2576 quidem
489 2492 623 2556 consilio
653 2493 814 2576 provideri
841 2497 1009 2576 poterunt,
1037 2515 1124 2558 cave-

57 2606 85 2647 25
101 2582 237 2646 buntur.
284 2581 343 2664 Tu,
366 2581 442 2644 dum
467 2581 628 2667 adsumus,
651 2603 718 2645 non
740 2581 836 2644 modo
862 2603 942 2663 quae
967 2582 1046 2644 scies
1071 2605 1124 2645 au-

102 2669 257 2754 dierisve,
295 2669 351 2732 sed
379 2670 478 2733 etiam
510 2691 592 2752 quae
624 2671 735 2733 futura
767 2669 969 2755 providebie,
1002 2670 1123 2734 scribas

100 2758 209 2822 velim.

171 2843 263 2928 Calc,
287 2845 343 2928 qui
363 2843 506 2908 Siciliam
530 2849 640 2909 tenere
663 2845 753 2908 nullo
777 2845 909 2928 negotio
933 2845 1043 2928 potuit
1067 2844 1123 2932 (el,
1142 2863 1159 2911 3

103 2934 132 2998 si
155 2934 324 3017 tenuisset,
352 2955 461 2997 omnes
484 2934 563 2997 boni
587 2935 626 2997 ad
650 2955 723 2996 eum
748 2955 781 2997 sc
805 2932 1043 3020 contulissent),
1067 2933 1123 3018 Sy-

59 3049 87 3087 ro
102 3023 228 3086 raousis
251 3022 415 3104 profectus
439 3025 488 3085 est
512 3025 587 3085 ante
610 3021 694 3085 diem
713 3039 777 3084 v111
795 3021 834 3085 K.
849 3020 934 3104 Mai,
957 3026 995 3085 ui
1015 3022 1124 3086 adme

102 3108 202 3174 Curio
227 3111 364 3193 scripsit.
410 3109 555 3195 Utinam,
587 3110 673 3193 quod
697 3109 798 3193 aiunl,
821 3107 919 3173 Ooila
942 3107 1123 3173 Sardiniam

102 3201 229 3263 teneat!
263 3201 312 3261 est
336 3198 422 3262 enim
445 3221 564 3262 rumor.
612 3197 649 3282 Ο,
673 3197 701 3261 si
724 3197 757 3260 id
779 3198 886 3281 fuerit,
914 3201 1042 3280 turpem
1066 3195 1139 3262 Ca:

102 3289 227 3351 ionem!

169 3375 254 3460 Ego,
277 3379 315 3438 ut
338 3374 515 3438 minuerem
535 3375 750 3459 suspicionem
768 3373 978 3458 profectionis
998 3377 1054 3437 aul
1072 3391 1158 3438 col

60 3488 87 3530 aa
103 3463 275 3547 giletionis
302 3484 406 3548 meae,
433 3464 597 3546 profectus
627 3485 698 3526 sum
727 3463 763 3525 in
785 3461 1019 3543 Pompeianum
1044 3483 1070 3524 a.
1091 3462 1118 3525 d.
