2560 3880
181 183 248 248 534
503 182 541 236 Μ.
561 181 668 236 'PULLI
686 179 874 236 CICERONIS

660 409 715 476 XI

384 532 440 588 Ser.
456 533 488 586 iu
505 533 602 586 cauria
620 549 661 586 cc.
676 550 710 586 m.
725 533 790 586 Iwn.
806 549 832 586 α.
849 536 902 586 711
923 534 992 600 (43).

475 654 617 709 BRUTUS
637 653 806 708 CICERONI
825 653 899 708 SAL.

147 783 161 830 1
248 761 377 828 Veteris
404 762 530 828 Antisti
553 763 628 827 talis
652 762 778 826 animus
802 766 853 827 est
875 763 909 825 in
931 784 1001 826 rem
1023 761 1191 845 publicam,

182 856 218 916 ut
241 873 307 915 non
330 852 484 936 dubitem,
507 851 586 933 quin
609 854 641 914 ct
663 851 698 914 in
721 848 857 914 Caesare
879 854 912 914 et
934 852 970 914 in
993 848 1138 914 Antonio
1161 870 1221 912 ses

182 943 403 1024 praestaturus
425 939 524 1002 fuerit
549 939 737 1003 acerrimum
759 942 1036 1023 propugnatorem
1056 959 1190 1002 commu-

182 1029 235 1091 nis
258 1027 433 1111 libertatis,
461 1027 490 1090 si
513 1027 673 1091 occasioni
695 1027 856 1110 potuisset
880 1047 1054 1090 occurrere.
1101 1023 1190 1108 Nam,

183 1116 240 1199 qui
270 1115 306 1179 in
333 1113 456 1179 Achaia
487 1135 678 1199 congressus
711 1136 780 1178 cam
808 1113 977 1178 Dolabella
1004 1114 1127 1176 milites
1149 1115 1190 1175 at

183 1224 246 1286 que
275 1203 399 1286 equites
427 1201 567 1266 habente
597 1201 732 1286 quodvis
761 1202 848 1266 adire
875 1201 1053 1285 periculum
1087 1223 1127 1264 ex
1147 1200 1190 1263 in·

73 1330 75 1333 -
184 1290 274 1354 sidiis
306 1289 504 1373 paratissimi
535 1290 575 1355 ad
607 1290 715 1354 omnia
745 1290 882 1354 latronis
914 1290 1065 1355 maluerit
1099 1310 1219 1371 quamn

182 1378 285 1442 videri
316 1382 371 1442 aut
403 1383 532 1442 coactus
566 1400 635 1442 esse
666 1378 834 1460 pecuniam
867 1378 941 1441 dare
974 1382 1029 1441 aut
1056 1375 1189 1440 libenter

184 1465 308 1530 dedisse
329 1467 455 1530 homini
476 1466 675 1549 nequissimo
699 1469 796 1548 atque
819 1465 1071 1551 improbissimo,
1092 1465 1122 1528 is
1139 1485 1190 1528 no

183 1555 233 1618 bis
269 1554 356 1619 ultro
391 1557 423 1618 et
455 1554 619 1637 pollicitus
651 1557 699 1616 est
734 1558 766 1617 et
794 1554 881 1617 dedit
908 1571 957 1617 xx
983 1551 1040 1617 Hs
1070 1573 1110 1617 ex
1137 1574 1189 1616 sua

183 1643 317 1727 pecunia
346 1646 392 1727 et,
419 1642 506 1726 quod
532 1641 635 1705 multo
663 1641 768 1705 carius
798 1646 860 1724 est,
887 1663 921 1705 se
944 1642 1051 1725 ipsum
1075 1640 1190 1704 obtulit

148 1734 216 1794 aet
239 1730 415 1794 coniumut.
451 1729 537 1794 Huic
559 1730 749 1812 persuadere
773 1730 940 1814 cupiimus‚
963 1732 1001 1792 ut
1019 1729 1219 1812 imperatore

182 1819 217 1881 in
240 1818 355 1882 castris
377 1821 555 1882 remaneret
573 1839 703 1900 remque
721 1817 883 1900 publicam
902 1816 1092 1881 defenderet.
1126 1816 1189 1880 Sta

182 1907 247 1969 tuit
274 1905 308 1969 id
338 1906 401 1969 sibi
424 1905 494 1991 **‚
523 1907 676 1988 quoniam
698 1906 873 1969 exercitum
895 1905 1079 1969 dimisisset.
1127 1903 1190 1969 Sta·

182 1995 243 2057 tim
270 2015 346 2058 vero
370 1993 550 2058 rediturum
572 1994 612 2057 ad
634 2015 694 2058 nos
718 1993 919 2057 confirmavit
941 1993 1105 2078 legatione
1128 2013 1190 2056 sus·

183 2085 285 2167 cepta,
301 2082 365 2145 nisi
390 2086 577 2164 praetorum
601 2081 731 2145 comitia
748 2081 894 2145 habituri
911 2085 1019 2144 essent
1038 2081 1189 2145 consules.

182 2167 268 2233 Nam
304 2169 353 2232 illi
390 2170 436 2232 lta
468 2170 619 2234 sentienti
652 2169 690 2232 de
720 2190 756 2233 rc
787 2169 917 2251 publica
948 2189 1067 2253 magno
1100 2189 1220 2251 operes

182 2262 294 2321 auctor
317 2257 374 2341 fui,
396 2279 436 2321 ne
460 2257 602 2321 differret
624 2261 752 2339 tempus
775 2257 943 2340 petitionis
967 2277 1052 2321 suae.
1095 2255 1190 2320 Cuius

138 2393 148 2416 .
181 2345 304 2408 factum
323 2345 472 2409 omnibus
491 2350 621 2429 gratum
640 2365 708 2408 esse
723 2344 828 2428 debet,
842 2345 898 2428 qui
912 2344 1007 2410 modo
1022 2345 1191 2408 iudicarint

181 2432 268 2495 hunc
286 2433 461 2496 exercitum
480 2454 549 2497 csse
567 2433 680 2497 utilem
699 2433 746 2496 rei
764 2432 920 2516 publicae,
935 2433 996 2496 tibi
1010 2436 1104 2496 tanto
1127 2453 1191 2517 gra-

182 2519 258 2603 tius,
281 2524 403 2602 quanto
426 2521 547 2585 maiore
569 2524 601 2584 ct
625 2521 732 2584 animo
751 2521 919 2605 gloriaque
936 2519 1124 2584 libertatem
1140 2542 1192 2583 no-

183 2611 284 2670 stram
299 2606 440 2672 defendis
456 2612 488 2672 et
502 2609 669 2694 dignitate,
683 2609 712 2672 si
726 2609 899 2693 contigerit
911 2609 1035 2672 nostris
1050 2609 1221 2672 consiliiss

183 2695 304 2780 exitus,
335 2717 429 2778 quem
460 2699 622 2779 optamus,
651 2697 877 2778 perfuncturus
901 2718 944 2760 es.
989 2696 1063 2781 Ego
1089 2697 1194 2780 ctiam,

182 2782 228 2845 mi
247 2780 368 2867 Cicew,
390 2785 520 2867 proprie
542 2785 807 2868 familiariterque
829 2787 862 2847 te
880 2804 970 2868 rogo,
993 2788 1031 2847 ut
1044 2783 1193 2849 Veterem

182 2891 269 2933 ames
293 2870 436 2953 velisque
460 2894 529 2936 esse
553 2894 649 2956 quam
672 2872 917 2956 amplissimum3
942 2871 998 2954 qui
1021 2873 1086 2936 etsi
1108 2873 1194 2936 nulla

182 2979 216 3020 re
249 2957 402 3021 deterreri
433 2981 451 3022 a
480 2961 649 3042 proposito
678 2964 814 3045 potest‚-
831 2963 941 3023 tamen
968 2961 1105 3024 excitari
1131 2961 1193 3024 tuis

181 3045 330 3109 laudibus
354 3045 619 3130 indulgentiaque
637 3048 767 3130 poterit,
791 3069 854 3130 quo
873 3047 977 3132 magis
997 3049 1223 3132 amplexeturs

182 3154 219 3196 ac
241 3136 371 3199 tueatur
393 3134 546 3198 iudicium
570 3157 672 3200 suum.
716 3135 754 3199 Id
776 3135 857 3200 mihi
880 3136 1105 3222 gratissimum
1128 3140 1186 3202 erit
