2560 3880
173 179 239 243 540
495 177 532 232 M.
552 177 661 231 TULLI
679 176 868 232 CICERONIS

174 322 238 386 mei
267 321 394 385 consilii
417 321 612 406 rettulisset,
638 325 672 384 te
694 321 761 384 vidi
783 319 897 384 Veliae
920 319 1074 401 doluique
1097 318 1188 383 vehe-

175 413 308 473 menter.
348 407 489 472 Oedebas
508 409 604 495 enim,
624 409 734 491 Brute,
754 407 897 493 cedebaS,
916 408 1069 491 quoniam
1090 405 1187 471 Stoici

142 517 157 564 o
176 497 283 561 nostri
304 502 426 581 negant
447 498 559 581 fugere
583 497 751 580 sepientes.
797 495 937 560 Romam
960 498 997 559 ut
1019 496 1102 578 veni,
1124 499 1187 558 111

175 585 237 649 tim
260 607 312 648 me
334 585 440 649 obtuli
463 585 587 648 Antoni
611 585 722 648 sceleri
746 587 842 667 atque
866 584 1052 647 dementiae.
1090 583 1186 658 Quem

176 695 249 738 cum
276 673 311 736 in
338 695 390 736 me
418 673 648 756 incitavissem,
678 672 812 736 consilia
834 672 916 735 inire
939 672 1030 755 coepi
1052 670 1186 734 Brutina
1210 695 1221 735 s
1267 677 1268 728 1

176 761 270 844 plane
302 758 416 846 (vestri
440 761 525 824 enim
555 761 634 824 haec
666 764 741 824 sunt
773 760 904 843 propria
931 757 1113 844 sanguinis)
1142 759 1186 821 rei
1267 739 1268 770 ¹

176 849 323 932 publicae
345 849 537 912 liberandae.
583 848 696 933 Longa
720 851 808 932 sunt,
838 869 919 930 quae
941 850 1076 932 restant,
1103 868 1186 930 prae-
1267 855 1268 858 ’

176 937 344 1021 tereunda3
376 941 452 1000 sunt
480 937 565 1000 enim
592 937 641 1000 de'
657 957 722 1020 me;
754 940 881 1000 tantum
909 935 994 1018 dico,
1021 933 1186 999 Caesarem

176 1024 263 1088 hunc
286 1024 529 1106 adulescentem,
557 1046 614 1107 per
637 1047 732 1107 quem
757 1023 859 1088 adhuc
883 1045 1004 1107 sumus,
1027 1024 1185 1088 siveram

177 1113 271 1176 fateri
294 1113 453 1198 volumus,
475 1112 608 1176 fluxisse
630 1135 669 1177 ex
691 1113 782 1176 fonte
805 1111 1015 1177 consiliorum
1035 1133 1219 1175 1111111111

144 1217 158 1264 v
178 1199 265 1264 Huic
292 1199 397 1263 habiti
421 1207 451 1263 a'
466 1223 518 1264 me
545 1200 684 1264 honores
706 1200 789 1263 nulli
813 1200 957 1284 quidem,
985 1199 1102 1285 Brute,
1127 1199 1186 1262 nisi
1267 1205 1268 1276 j

177 1287 290 1372 debiti,
317 1288 399 1351 nulli
427 1288 493 1352 nisi
519 1289 700 1352 necessarii.
746 1287 793 1353 Ut
820 1288 905 1351 enim
933 1288 1075 1370 primum
1097 1287 1186 1350 liber-

176 1379 278 1440 tatem
304 1397 452 1440 revocare
479 1377 657 1460 coepimus,
685 1398 757 1440 cum
781 1397 814 1440 se
836 1375 980 1440 nondum
1002 1397 1043 1440 ne
1066 1375 1185 1440 Decimi

178 1465 306 1547 quidem
333 1464 428 1528 Bruti
456 1464 563 1528 divina
589 1464 693 1528 virtus
726 1464 773 1528 ita
796 1464 1034 1546 commovisset,
1067 1465 1187 1527 utiam

177 1552 211 1615 id
243 1553 324 1616 scire
355 1574 536 1635 possemne,
569 1556 666 1635 atque
698 1573 792 1616 omne
820 1552 1016 1634 praesidium
1045 1555 1130 1615 11111
1156 1552 1218 1614 ina

177 1663 289 1724 puero,
320 1640 376 1723 qui
407 1663 425 1704 a
452 1640 628 1704 cervicibus
655 1640 777 1704 nostris
805 1640 975 1704 avertisset
1002 1638 1187 1722 Antonium,

177 1729 250 1812 quis
273 1729 377 1793 honos
400 1729 519 1791 1111111
540 1729 605 1791 fuit
628 1728 866 1792 decernendus?
903 1727 1107 1811 Quamquam
1131 1749 1185 1812 ego
1267 1791 1268 1812 ,

177 1817 226 1879 illi
258 1819 328 1880 tum
360 1815 531 1880 verborum
563 1816 690 1881 laudem
721 1816 824 1880 tribui
857 1837 990 1899 eamque
1022 1816 1187 1899 modicam,
1267 1815 1268 1890 l

178 1905 303 1968 decrevi
335 1905 431 1968 etiam
463 1903 648 1988 imperium,
680 1904 767 1987 quod
799 1926 994 1988 quamquam
1021 1904 1187 1968 videbatur
1267 1903 1268 1950 3

177 1993 226 2056 illi
255 1993 353 2056 aetati
380 1991 610 2072 honorificum,
636 1991 1218 2056 11111111111111111111111111111111
1267 2043 1268 2076 ,

177 2080 398 2144 necessarium.
445 2078 529 2155 Quid
559 2080 644 2143 enim
672 2084 721 2143 est
749 2080 818 2144 sine
845 2079 980 2163 imperio
1008 2079 1186 2144 exercitus?
1267 2089 1268 2130 1

179 2166 326 2232 Statuam
366 2167 536 2250 Philippus
582 2168 734 2252 decrevit,
781 2168 977 2232 celeritatem
1022 2169 1186 2251 petitionis
1267 2237 1268 2264 ,

178 2257 283 2339 primo
307 2255 453 2342 Servius,
479 2259 554 2338 post
582 2256 736 2320 maiorem
766 2257 863 2320 etiam
887 2253 1051 2320 Servilius.
1098 2255 1187 2320 Nihil
1267 2267 1268 2334 1

143 2359 158 2406 1
178 2348 248 2407 tum
271 2343 406 2407 nimium
428 2343 604 2408 videbatur.
648 2342 711 2408 Sed
731 2343 839 2409 nescio
863 2366 927 2426 quo
948 2344 1044 2408 modo
1062 2343 1186 2408 facilius
1267 2347 1268 2422 l

181 2431 215 2494 in
238 2433 354 2495 timore
376 2432 508 2516 benigni
532 2453 629 2514 quam
652 2433 686 2495 in
708 2432 844 2496 victoria
867 2432 954 2516 grati
976 2433 1218 2515 reperiunturs
1267 2429 1268 2516 1

100 2573 102 2576 ,
178 2518 250 2602 Ego
280 2519 378 2601 enim,
404 2518 443 2582 D.
462 2519 566 2582 Bruto
594 2519 732 2584 liberato
756 2541 828 2584 cum
849 2519 1047 2584 laetissimus
1071 2520 1127 2584 ille
1149 2520 1187 2583 ci·
1267 2519 1268 2530 ’

178 2606 273 2669 vitati
296 2606 363 2670 dies
386 2607 558 2670 inluxisset
580 2606 728 2691 idemque
751 2629 826 2671 casu
845 2607 941 2671 Bruti
958 2608 1077 2672 natalis
1097 2612 1187 2692 esset,

179 2694 316 2776 decrevi,
343 2697 380 2757 ut
407 2695 441 2758 in
470 2695 565 2758 fastis
594 2695 634 2758 ad
661 2717 735 2758 cum
763 2695 847 2760 diem
869 2695 964 2760 Bruti
992 2717 1112 2760 nomen
1139 2696 1187 2760 ad-

180 2781 381 2866 scriberetur,
403 2781 437 2845 in
461 2804 562 2866 eoque
586 2805 657 2847 sum
675 2784 833 2852 maiorum
853 2784 1034 2867 exemplum
1053 2788 1187 2866 secutus,

179 2869 235 2953 qui
257 2869 343 2933 hunc
364 2868 519 2934 honorem
541 2871 669 2935 mulieri
692 2871 861 2935 Larentiae
882 2871 1077 2958 tribuerunt,
1100 2873 1218 2936 111111

178 2979 236 3022 111
264 2957 433 3041 pontifices
460 2959 500 3020 ad
527 2981 615 3022 aram
642 2959 677 3022 in
699 2958 840 3024 Velabro
869 2960 1060 3024 sacrificium
1087 2961 1188 3026 facere

180 3046 300 3109 soletis.
347 3043 439 3119 Quod
468 3065 527 3128 ego
551 3067 623 3110 cum
647 3047 762 3110 dabam
785 3047 903 3133 Bruto,
929 3051 1040 3112 notam
1064 3069 1136 3113 1111
1157 3049 1189 3111 in

179 3133 273 3197 fastis
298 3132 501 3217 gratissimae
519 3133 673 3198 victoriae
692 3135 921 3219 sempiternam
939 3135 1096 3200 volebam.
1134 3136 1189 3200 Ac

179 3242 241 3302 que
260 3221 316 3284 illo
336 3220 387 3284 die
406 3220 542 3304 cognovi
560 3223 646 3286 haud
662 3223 759 3305 paulo
778 3223 886 3306 plures
905 3224 941 3287 in
959 3227 1073 3288 senatu
1093 3225 1188 3288 male

178 3307 269 3370 volos
297 3329 365 3372 esse
397 3330 493 3390 quam
526 3312 644 3392 gratos.
690 3309 752 3373 Per
784 3333 838 3374 eos
871 3312 960 3394 ipsos
988 3312 1055 3375 dies
1084 3313 1219 3397 offudis

180 3394 208 3455 si
235 3394 282 3457 ita
309 3397 372 3479 vis,
399 3394 537 3459 honores
565 3396 599 3459 in
626 3401 786 3479 mortuos,
814 3397 958 3462 Hirtium
989 3404 1021 3463 et
1043 3397 1188 3484 Pansam,
1267 3391 1268 3478 l

179 3478 331 3562 Aquilam
355 3482 458 3546 etiam.
497 3482 589 3558 Quod
608 3483 679 3565 quis
698 3485 916 3570 reprehendet,
939 3487 1003 3550 nisi
1022 3487 1079 3568 qui
1097 3487 1188 3570 depo
1267 3487 1268 3496 ’
