2560 3880
185 140 251 204 560
287 141 324 196 Μ.
339 139 445 196 TULLI
462 141 650 198 CICERONIS
669 141 780 198 EPIST.
794 143 844 196 AD
862 141 1015 196 BRUTUM
1033 142 1060 196 H
1079 148 1103 196 5.

185 306 257 348 rum
289 285 419 368 diceret,
456 286 484 349 si
516 290 627 350 eontra
658 286 880 369 proconsulem
911 308 999 350 arma
1026 287 1193 356 tulissent.

186 371 284 438 Nosti
310 373 485 457 hominem;
516 395 628 438 causae
654 396 720 439 non
748 374 857 439 defuit.
907 373 1068 439 Dixerunt
1096 374 1194 438 etiam

188 460 250 525 alii.
291 460 397 526 liabeo
420 483 495 526 vero
518 466 629 527 noster
651 484 709 526 nee
731 463 859 547 signum
882 465 975 526 tuum
997 463 1033 526 in
1055 463 1195 546 epistula

188 571 245 614 nee
271 549 355 613 diem
381 550 563 634 adpositum
589 571 647 614 111
674 554 707 615 te
730 551 895 634 scripsisse
918 550 957 614 ad
979 555 1063 635 tuos,
1085 555 1122 614 ut
1148 572 1197 614 so·

188 637 277 701 leres.
322 631 393 702 Hoe
420 659 532 723 eogere
559 638 1140 722 11111111,”11111111111111111111,
1170 639 1198 702 si
1225 664 1235 703 a

154 737 171 786 1
190 725 330 812 quaeris,
356 727 522 809 probabat.
567 726 663 793 Nune
685 731 777 790 tuum
800 731 851 792 est
872 728 1054 811 eonsilium,
1083 725 1198 809 Brute,

190 814 228 878 de
259 818 331 878 toto
360 835 474 899 genere
504 815 589 880 belli.
634 813 736 880 Video
764 818 796 879 te
823 815 956 880 lenitate
985 815 1136 880 delectari
1166 818 1199 879 et

190 925 262 966 eum
287 905 399 985 putare
422 903 562 967 fructum
585 925 654 967 esse
677 904 851 968 maximum
873 903 1034 986 praeclare
1057 903 1199 987 quidem,

190 991 245 1054 sed
268 990 339 1054 aliis
356 991 462 1076 rebus,
485 991 557 1055 aliis
575 992 774 1074 temporibus
792 992 882 1056 loeus
901 1014 970 1055 esse
989 992 1071 1056 solet
1089 991 1200 1055 debet

191 1101 252 1162 que
278 1079 471 1143 elementiae.
522 1078 616 1144 Nune
643 1079 721 1162 quid
747 1081 868 1164 agitur,
895 1079 1016 1144 Brute?
1052 1078 1198 1163 Templis
1214 1105 1238 1143 11

190 1167 323 1231 deorum
349 1167 581 1232 immortalium
608 1168 754 1232 imminet
780 1168 949 1232 hominum
976 1168 1142 1252 agentium
1167 1172 1199 1232 et

190 1256 388 1339 perditorum
416 1277 503 1343 spes,
529 1265 587 1320 nee
617 1257 788 1340 quiequam
817 1257 904 1320 aliud
932 1255 1111 1320 decernitur
1135 1255 1200 1320 hoe

191 1343 287 1429 bello,
308 1343 372 1407 nisi
394 1349 503 1409 utrum
526 1344 626 1409 simus
644 1366 749 1408 11111.
787 1343 847 1409 Oui
865 1344 1024 1428 parcimus
1045 1347 1099 1407 aut
1119 1344 1201 1427 quid

192 1432 339 1515 agimus?
370 1431 432 1496 His
452 1454 527 1518 ergo
547 1432 752 1518 consulimus,
771 1433 887 1516 quibus
906 1433 1084 1497 viatoribus
1102 1433 1200 1496 vesti-

192 1521 281 1605 gium
308 1525 455 1585 nostrum
484 1520 609 1585 nullum
631 1521 851 1604 relinquetur?
891 1519 976 1584 Nam
999 1520 1078 1604 quid
1100 1521 1236 1585 inter-15

192 1611 242 1673 est
269 1610 353 1673 inter
381 1608 583 1673 Dolabellam
610 1613 641 1672 et
670 1610 813 1692 quemvis
836 1607 1052 1673 Antoniorum
1074 1608 1200 1672 trium?

193 1696 336 1773 Quorum
368 1698 396 1761 si
427 1699 478 1762 eui
509 1698 682 1780 parcimus,
713 1698 785 1762 duri
812 1697 931 1762 fuimus
958 1697 993 1760 in
1019 1695 1199 1761 Dolabella.

193 1785 280 1850 Haeo
316 1789 353 1849 ut
384 1787 431 1849 ita
463 1786 596 1849 sentiret
628 1790 757 1850 senatus
789 1787 991 1869 populusque
1022 1784 1200 1868 Romanus,

194 1874 254 1938 etsi
277 1896 327 1938 111
350 1874 421 1957 ipsa
444 1875 591 1959 cogebat,
617 1878 725 1938 tamen
747 1875 887 1938 maxima
909 1896 947 1938 ex
970 1876 1062 1957 parte
1084 1877 1200 1938 nostro

194 1962 328 2027 oonsilio
359 1967 454 2045 atque
477 1963 668 2027 auctoritate
690 1963 867 2046 perfeetum
889 1965 946 2027 est.
991 1961 1040 2024 Tu
1064 1961 1092 2025 si
1114 1961 1199 2025 hano
1212 1985 1234 2024 11

193 2051 350 2115 rationem
372 2073 439 2115 non
461 2052 587 2134 probas,
609 2053 699 2118 tuam
721 2051 912 2114 sententiam
934 2049 1110 2134 defendam,
1132 2072 1201 2114 non

192 2139 370 2223 relinquam
400 2161 511 2204 meam.
557 2137 669 2221 Neque
702 2139 894 2203 dissolutum
920 2161 939 2202 a
965 2141 998 2202 te
1026 2138 1200 2221 quiequam

193 2227 338 2292 homines
371 2231 554 2311 exspectant
580 2248 639 2292 111
665 2227 799 2292 crudele.
848 2226 954 2290 Huius
982 2226 1029 2290 rei
1055 2226 1200 2290 modera-

194 2317 241 2380 tio
273 2317 376 2381 facilis
404 2320 465 2399 est,
497 2320 534 2379 ut
560 2316 595 2379 in
623 2315 717 2379 duces
739 2314 909 2380 vehemens
931 2314 989 2397 sis,
1021 2314 1056 2378 in
1078 2315 1200 2379 milites

192 2404 343 2470 liberalis.
1215 2424 1236 2465 ss

159 2499 175 2545 6
261 2491 445 2558 Oieeronem
463 2515 579 2575 meum,
597 2492 643 2556 mi
661 2491 770 2576 Brute,
793 2491 889 2556 velim
908 2512 1005 2573 quam
1024 2489 1201 2573 plurimum

195 2583 300 2648 teoum
321 2581 446 2645 habeas.
489 2580 629 2644 Virtutis
653 2580 853 2662 disciplinam
875 2579 1040 2643 meliorem
1062 2580 1201 2662 reperiet

194 2667 316 2730 nullam
343 2689 438 2751 quam
461 2668 763 2752 contemplationem
786 2672 882 2751 atque
904 2666 1119 2732 imitationem
1142 2667 1200 2731 tui.

195 2773 256 2820 xm
277 2755 409 2821 Kalend.
428 2757 537 2822 Maias.
