2586 3886
266 145 525 200 EPISTULARUM
542 145 592 200 AD
611 144 776 200 ATTIGUM
794 145 833 199 Ill
852 151 965 200 19-22.
1078 145 1121 210 93

95 289 275 375 expedisti,
296 288 389 354 valde
405 288 488 352 mihi
507 292 635 374 gratum
659 292 717 353 est.
750 286 842 364 Quod
859 288 1029 352 facultates
1047 292 1121 354 tues

96 379 141 442 ad
166 398 273 442 meam
302 377 441 442 salutem
469 377 646 463 polliceris,
675 380 713 440 ut
744 376 893 442 omnibus
923 377 1020 441 rebus
1048 381 1122 442 ate

96 469 234 550 praeter
252 468 375 530 ceteros
389 465 490 550 iuver,
512 465 545 529 id
564 469 722 549 quantum
740 465 784 528 sit
801 464 1006 548 praesidium,
1028 465 1120 530 video

97 553 324 639 intellegoque
347 557 380 617 te
402 553 522 618 multas
540 557 649 637 partes
666 574 756 618 meae
774 553 889 618 salutis
910 555 942 617 et
961 552 1122 636 suscipere

69 646 135 708 set
160 662 259 728 posse
281 641 442 707 sustinere
459 660 573 728 neque,
595 646 635 706 ut
651 641 698 706 ita
714 641 822 726 facias,
845 640 1026 726 rogandum
1044 661 1121 706 esse.

100 729 199 806 Quod
226 749 277 794 me
299 733 389 795 vetas
418 729 590 814 quicquam
619 729 776 812 suspicari
806 728 958 794 accidisse
987 729 1027 792 ad
1056 727 1157 794 ani-3

100 839 195 882 mum
217 821 320 904 tuum,
343 819 430 902 quod
453 839 544 882 secus
568 841 587 882 a
609 839 661 882 me
684 839 760 903 erga
783 820 816 881 te
839 817 1047 882 commissum
1066 821 1122 882 aut

100 907 369 990 praetermissum
392 906 567 990 videretur,
590 927 701 991 geram
723 905 785 970 tibi
808 927 931 971 morem
955 909 987 970 et
1008 905 1123 970 libera-

101 994 167 1059 bor
188 994 253 1059 icta
276 1016 362 1080 cura,
383 994 448 1058 tibi
469 999 579 1060 tamen
602 1015 639 1059 eo
663 994 735 1078 plus
759 993 897 1081 debete,
920 1014 984 1078 quo
1007 997 1065 1057 tua
1088 992 1123 1057 in

59 1109 87 1148 ro
101 1104 157 1147 me
179 1081 365 1147 humanitas
387 1083 486 1147 fuerit
505 1081 661 1148 excelsior
680 1104 778 1166 quam
795 1081 830 1146 in
848 1085 881 1146 te
899 1103 976 1147 mea.
1006 1080 1123 1167 Velim,

101 1170 184 1255 quid
206 1171 329 1257 videas,
352 1171 430 1254 quid
452 1170 635 1256 intellegas,
658 1169 735 1254 quid
758 1174 887 1255 agatur,
911 1171 1026 1235 adme
1049 1169 1123 1234 scri-

100 1260 164 1324 bas
188 1262 328 1343 tuosque
352 1279 461 1323 omnes
485 1259 526 1323 ad
543 1263 694 1324 'nostram
718 1259 855 1322 salutem
878 1258 1055 1323 adhortere.

172 1345 314 1433 Regalis
335 1345 422 1411 Sesti
443 1367 548 1431 neque
567 1346 736 1432 dignitatis
757 1347 836 1411 satis
854 1345 953 1411 habet
975 1368 1034 1411 nec
1052 1369 1122 1411 cau-

101 1435 216 1500 tionis.
261 1435 348 1501 Nam
376 1439 408 1499 et
433 1435 627 1500 nominatim
654 1435 732 1499 ferri
756 1438 884 1519 oportet
911 1438 943 1499 et
966 1435 1005 1498 de
1028 1435 1123 1500 bonis

61 1550 86 1590 ιι
102 1523 294 1608 diligentius
319 1523 426 1607 scribi,
449 1527 482 1588 et
504 1523 538 1588 id
561 1523 797 1588 animadvertas
820 1523 926 1588 velim.
962 1521 1048 1587 Data
1070 1541 1124 1588 1111

101 1610 219 1676 Nonas
243 1610 401 1677 Octobres
426 1610 681 1677 Thessalonicae.

572 1801 658 1868 XXI.

266 1926 324 1984 δον.
347 1926 554 1980 Thessalonicae
576 1926 604 1981 V
619 1925 657 1980 K.
677 1925 747 1980 Noc.
768 1943 793 1979 a.
815 1929 870 1980 696
890 1927 963 1993 (58).

428 2047 557 2104 clauae
577 2047 709 2103 ATTICO
730 2047 804 2103 SAL.

65 2185 90 2223 ro
175 2155 326 2242 Triginta
354 2156 421 2222 dies
449 2159 541 2219 erant
564 2156 641 2242 ipsi,
668 2177 740 2220 cum
767 2156 827 2220 hes
850 2156 967 2221 dabam
988 2155 1125 2242 litteras,

105 2265 165 2328 per
189 2266 269 2328 quos
292 2245 399 2310 nullas
424 2267 443 2308 a
464 2244 558 2308 vobis
582 2265 772 2328 acceperam.
818 2243 902 2308 Mihi
925 2248 1033 2309 autem
1057 2248 1125 2309 erat

105 2334 143 2396 in
166 2333 273 2397 animo
295 2333 374 2419 iam,
403 2335 440 2396 ut
464 2336 558 2396 antea
582 2333 622 2396 ad
644 2337 677 2396 te
701 2331 829 2418 scripsi,
859 2333 907 2397 ire
929 2333 964 2398 in
986 2332 1125 2417 Epirum

109 2424 142 2485 ct
164 2420 211 2485 ibi
235 2442 362 2487 omnem
385 2442 493 2485 cesum
520 2419 728 2504 potissimum
752 2425 943 2504 exspectare.
990 2420 1035 2486 Te
1059 2442 1125 2505 oro,

107 2511 154 2594 ut,
178 2508 206 2572 si
230 2510 308 2593 quid
328 2509 402 2592 erit,
433 2508 520 2592 quod
542 2508 717 2592 perspicias
742 2531 975 2593 quamcumque
997 2510 1033 2573 in
1054 2530 1125 2593 par·

20 2637 21 2640 κ
68 2625 94 2665 ss
107 2601 189 2682 tem,
211 2619 308 2681 quam
330 2597 517 2681 planissime
544 2597 585 2661 ad
607 2617 658 2660 me
682 2596 804 2661 scribas
829 2602 862 2662 et
889 2619 961 2662 meo
984 2597 1125 2682 nomine,

109 2689 146 2749 ut
170 2686 298 2771 scribis,
322 2686 463 2771 litteras,
490 2684 609 2768 quibus
632 2685 765 2768 putabis
790 2705 871 2769 opus
895 2707 978 2772 esse,
1001 2690 1039 2749 ut
1061 2686 1124 2750 des.

108 2771 195 2838 Data
212 2791 237 2838 v
253 2773 325 2838 Kal.
350 2772 558 2838 Novembres.

566 2948 667 3014 XXII.

71 3151 96 3192 ω
165 3068 221 3126 Sor.
236 3070 343 3140 purtim
363 3070 705 3209 ltessclonicac59qoqt5i8rq
722 3069 865 3140 Dyrrachi
887 3069 933 3124 VI
948 3068 985 3122 K.
1005 3068 1072 3124 Dec.

521 3157 546 3195 c.
708 3183 713 3194 .

431 3261 560 3318 CICERO
579 3262 711 3318 ATTICO
731 3261 806 3316 SAL.

178 3371 252 3437 Etsi
275 3371 448 3456 diligenter
471 3372 511 3436 ad
533 3393 585 3436 me
603 3370 743 3447 Quintus
761 3371 862 3435 frater
885 3373 918 3434 et
935 3368 1022 3454 Piso,
1045 3385 1162 3452 quaer

111 3464 219 3524 assent
241 3463 323 3547 acta,
346 3460 550 3546 scripserant,
572 3465 681 3524 temen
698 3459 814 3524 vellem
831 3462 889 3522 tua
907 3461 940 3520 te
959 3457 1126 3539 occupatio
