2586 3886
157 181 221 245 116
479 177 516 232 Μ.
536 177 643 232 TULLI
662 175 851 232 CICERONIS

154 324 234 388 scire
256 323 320 386 ista
345 322 460 386 omnia.
506 321 617 386 Etiam
645 321 726 384 ilIud
753 322 844 385 cuius
872 320 961 384 modi
985 321 1041 404 sit,
1073 321 1175 385 velim
1282 383 1283 392 ,

153 411 343 496 perspicias3
375 414 469 493 potes
497 433 516 473 a
543 408 717 473 Demetrio.
764 407 857 472 Dixit
888 409 970 472 mihi
997 407 1174 492 Pompeius

154 498 308 564 Crassum
327 521 345 561 a
364 519 398 562 se
417 498 452 562 in
469 496 597 562 Albano
622 498 801 580 exspectari
822 501 897 561 ante
916 497 1000 560 diem
1019 515 1072 560 1111
1086 496 1174 583 Κεὶς

153 587 182 651 is
206 609 279 652 cum
301 587 457 672 venisset,
484 585 622 650 Romam
650 607 719 650 cam
747 589 779 648 et
807 606 841 649 se
868 585 981 649 statim
1008 589 1174 669 venturos,

153 679 191 739 ut
214 675 355 739 rationes
373 697 447 738 curn
469 673 649 757 publicanis
673 677 833 757 putarent.
871 672 1029 756 Quaesivi,
1053 674 1175 757 gladia·
1211 700 1227 740 5

152 764 330 828 toribusnc.
360 761 550 846 Respondit,
573 766 746 845 antequam
764 761 1000 826 inducerentur.
1028 760 1066 825 Id
1080 763 1174 826 ouius

152 851 243 915 modi
266 851 318 933 sit,
343 854 399 913 aut
420 871 516 933 nunc,
539 850 568 912 si
592 850 681 933 scieS,
705 854 760 913 aut
784 871 857 913 cum
881 850 909 913 is
923 849 1062 914 Romam
1080 872 1175 914 vene-

154 940 208 1025 rit,
231 938 272 1002 ad
293 959 344 1001 me
368 938 481 1002 mittas
504 938 611 1002 velim.

118 1047 135 1094 2
220 1024 291 1090 Nos
327 1026 381 1090 hio
415 1048 567 1090 voramus
604 1025 730 1090 litteras
764 1047 838 1090 cum
869 1024 1000 1090 homine
1034 1026 1174 1090 mirifico

155 1113 418 1265 (basniehemffle
443 1111 571 1201 sentio),
594 1112 764 1199 Dionysio,
788 1115 844 1197 qui
867 1118 899 1177 te
922 1135 1096 1198 omnesque
1113 1137 1175 1179 vos
1191 1143 1223 1181 ro

155 1224 170 1265 s
204 1225 225 1264 u
242 1225 282 1265 a.

320 1302 445 1371 ‘occia
466 1308 672 1392 γλυκύτερον
694 1307 715 1391 ἢ
737 1306 834 1374 πάντ’
861 1306 1006 1374 εἰδέναι]

155 1447 259 1523 Quare
287 1452 324 1511 ut
350 1447 477 1511 homini
504 1449 630 1512 curioso
658 1448 705 1512 ita
732 1449 893 1531 perscribe
926 1448 966 1512 ad
996 1471 1062 1533 mc,
1094 1449 1175 1532 quid

154 1536 279 1619 primus
294 1536 370 1619 dics,
394 1536 472 1619 quid
486 1537 654 1621 secundus,
677 1536 755 1620 quid
769 1559 924 1620 censores,
944 1537 1022 1620 quid
1035 1535 1174 1621 Appius,

155 1624 232 1708 quid
258 1624 315 1687 iIIa
345 1624 458 1707 populi
478 1622 652 1710 Appuleia3
684 1625 820 1708 denique
848 1625 958 1708 etiarn,
987 1625 1065 1709 quid
1093 1647 1111 1689 a
1139 1628 1174 1690 tc
1190 1655 1217 1695 15

154 1713 221 1795 fiat,
244 1712 357 1786 adme
380 1712 477 1777 velim
501 1713 630 1777 scribas.
676 1710 753 1777 Non
776 1713 875 1796 enim,
904 1717 941 1776 ut
964 1735 1038 1777 vere
1060 1713 1174 1798 loqua-

154 1823 237 1884 mur,
259 1804 327 1864 tam
350 1801 446 1864 rebus
469 1802 562 1864 novis
586 1823 683 1884 quam
706 1801 773 1864 tuis
797 1801 916 1864 litteris
941 1801 1088 1865 delector.
1282 1863 1283 1866 ,

220 1889 293 1974 Ego
313 1910 437 1952 mecum
455 1893 583 1971 praeter
600 1888 796 1971 Dionysium
814 1889 909 1952 eduxi
930 1890 1093 1953 neminem
1111 1911 1172 1954 nec
1282 1883 1283 1908 i

153 1981 263 2040 metuo
294 1983 415 2059 tamen,
446 1997 487 2040 ne
509 1975 591 2039 mihi
619 1997 723 2040 sermo
752 1977 843 2042 desit.
889 1975 958 2040 Abs
982 1981 1015 2041 te
1039 1977 1172 2060 opipare

154 2065 302 2128 delector.
340 2063 389 2127 Tu
411 2062 547 2128 Lucceio
570 2068 720 2128 nostrum
742 2063 864 2128 librum
887 2065 987 2128 dabis.
1024 2064 1174 2130 Demetri
1188 2096 1216 2134 ro

154 2151 315 2236 Magnetis
339 2151 401 2214 tibi
424 2153 530 2236 mitto,
554 2153 667 2216 statim
689 2156 727 2216 ut
751 2152 803 2236 sit,
827 2153 884 2237 qui
905 2176 924 2218 a
946 2156 979 2217 tc
1001 2153 1082 2218 mihi
1107 2154 1173 2238 epi-

154 2239 272 2302 stulam
296 2239 423 2303 referat.

626 2415 697 2480 XII.

454 2553 512 2608 Sor.
530 2573 565 2610 m.
585 2555 658 2608 Mai.
678 2573 704 2609 a.
725 2559 780 2610 699
800 2559 870 2624 (55).

472 2675 601 2731 CICERO
620 2676 753 2731 ATTICO
773 2677 847 2732 SAL.
1187 2693 1214 2733 25

220 2780 381 2866 Egnatius
398 2781 521 2847 Romae
544 2789 602 2849 est.
640 2785 702 2850 Sed
725 2807 784 2872 ego
808 2809 882 2851 curn
905 2809 942 2852 eo
967 2787 1005 2851 de
1028 2809 1062 2851 re
1081 2787 1173 2852 Hali-

154 2870 235 2933 meti
256 2869 460 2935 vehementer
482 2870 562 2936 Anti
590 2874 650 2957 egi.
697 2873 846 2939 Graviter
870 2897 902 2939 se
927 2879 1074 2940 acturum
1097 2897 1171 2941 cum

154 2956 288 3040 Aquilio
313 2959 523 3024 confirmavit.
569 2960 701 3025 Videbis
725 2983 801 3047 ergo
824 2963 998 3046 hominem,
1022 2965 1051 3028 ri
1073 2965 1171 3029 voles.

154 3045 300 3110 Macroni
329 3047 384 3110 vix
415 3047 526 3111 videor
554 3053 683 3131 praesto
713 3071 781 3114 esse
807 3072 911 3136 posse3
943 3050 1056 3116 Idibus
1085 3054 1171 3116 enim

156 3134 337 3198 auctionem
359 3133 471 3199 Larini
497 3135 589 3200 video
618 3141 650 3200 et
678 3138 812 3203 biduum
839 3143 1012 3223 praeterea.
1058 3139 1097 3204 Id
1125 3145 1172 3228 tu,
1186 3169 1212 3207 ao

156 3221 309 3305 quoniam
336 3222 520 3289 Macronem
545 3225 632 3287 tanti
659 3225 751 3308 facis,
779 3227 928 3312 ignoscas
956 3227 1038 3292 mihi
1065 3229 1171 3294 velim.

157 3309 230 3392 Sed,
259 3311 361 3374 sime
385 3312 507 3396 diligis,
535 3313 691 3395 postridie
713 3313 784 3377 Kal.
809 3337 886 3380 cena
910 3316 995 3399 apud
1024 3338 1076 3380 me
1099 3338 1172 3381 curn

80 3429 82 3433 ·
155 3396 247 3462 Pilia.
291 3397 429 3463 Prorsus
456 3401 491 3464 id
516 3400 622 3464 facies.
671 3400 826 3466 Kalendis
860 3405 967 3490 cogito
1000 3405 1036 3468 in
1066 3404 1172 3469 hortis

156 3484 354 3570 Crassipedis
379 3489 472 3572 quasi
494 3488 530 3553 in
547 3489 728 3553 deversorio
753 3511 872 3556 cenare.
909 3491 1006 3556 Facio
1025 3492 1172 3558 fraudem
