2568 3888
218 167 483 224 EPISTULARUM
502 169 552 224 AD
571 168 736 224 ATTIOUM
753 169 767 224 I
786 175 899 226 11-13.
1029 171 1071 235 13

55 313 166 376 minem
198 333 276 378 cum
305 311 466 398 Antonio,
498 311 679 378 Antonium
715 335 814 397 porro
852 315 887 378 in
919 315 1071 399 cogendis

55 400 191 484 pecuniis
217 400 369 466 dictitare
391 405 518 485 partem
544 402 626 465 mihi
654 402 766 485 quaeri
796 406 829 466 et
851 424 871 466 a
892 423 944 466 me
967 407 1072 468 custo·

55 489 120 553 dam
140 489 327 554 communis
351 493 504 573 quaestus
528 489 683 555 libertum
710 511 779 554 esse
805 490 950 554 missurn.
995 489 1073 556 Non

57 599 120 640 sum
140 577 352 642 mediocriter
375 582 555 644 commotus
584 599 690 661 neque
720 583 830 642 tamen
852 578 986 662 credidi,
1016 579 1073 642 sed

33 669 132 730 scente
145 665 277 766 aliquid
295 666 452 730 sermonis
470 667 542 731 fuit.
579 666 699 731 Totum
718 666 887 752 investiga,
906 687 1072 752 cognosce,

55 754 1074 908 ttttffrttlffltttututr?ttttttttut

57 926 105 994 (ln
122 928 297 995 Plancium
319 931 516 996 nominabat.
553 930 672 995 Mando
696 931 768 1016 tibi,
791 931 886 1015 plane
909 933 1018 996 totum'
1035 935 1073 996 ut

58 1016 155 1082 videas
179 1019 277 1084 cuius
299 1019 389 1084 modi
411 1019 463 1084 sit.

29 1131 48 1170 o
113 1104 312 1191 Pompeium
328 1107 425 1172 nobis
445 1106 676 1172 amicissimum
694 1111 822 1172 constat
842 1129 921 1172 esse.
958 1106 1108 1173 Diva-3

60 1192 132 1258 tium
143 1194 277 1260 Muciae
289 1195 496 1260 vehementer
509 1196 674 1279 probatur.
712 1195 745 1260 P.
761 1195 919 1280 clodium,
940 1193 1028 1280 Appi
1041 1197 1073 1280 f,

60 1282 141 1346 uado
160 1286 194 1348 te
214 1283 346 1349 audisse
364 1305 437 1349 oum
454 1288 544 1348 veste
562 1284 714 1349 muliebri
735 1283 967 1368 deprehensum
986 1285 1074 1349 domi

62 1366 90 1433 G.
102 1368 261 1456 Caesaris,
287 1393 360 1436 cum
380 1393 439 1456 pro
458 1371 581 1456 populo
600 1373 702 1459 fieret,
727 1393 864 1456 eumque
884 1393 941 1457 per
959 1395 1073 1438 manus

62 1460 195 1524 servulae
225 1464 393 1524 servatum
423 1464 455 1525 et
486 1460 649 1546 eductum3
678 1482 748 1525 rem
776 1483 845 1526 esse
862 1461 1000 1546 insigni
1026 1462 1074 1526 in·

35 1545 156 1612 relamia.
202 1547 301 1625 Quod
322 1552 356 1613 te
378 1548 514 1613 moleste
536 1549 619 1613 ferre
643 1552 731 1614 certo
755 1550 830 1613 scio.

119 1633 211 1711 Quod
233 1640 403 1721 praeterea
426 1637 466 1701 ad
487 1641 521 1702 te
545 1637 698 1722 scribam,
724 1658 792 1701 non
813 1636 932 1720 habeo,
956 1641 989 1701 et
1011 1659 1075 1701 me·
1093 1652 1110 1700 4

63 1718 179 1789 hercule
211 1747 303 1790 eram
332 1725 367 1789 in
397 1724 565 1790 scribendo
596 1724 829 1790 conturbatior.
879 1722 966 1788 Nam
995 1746 1075 1809 puer

65 1808 186 1878 festivus
211 1817 409 1898 anagnostes
431 1817 544 1878 noster
566 1811 734 1878 Sositheus
759 1813 937 1877 decesserat
960 1834 1075 1896 meque

66 1897 136 1983 plus,
157 1923 260 1986 quam
284 1901 369 1966 servi
391 1923 479 1966 mors
503 1902 618 1966 debere
641 1901 827 1986 videbatur,
851 1904 1075 1965 commoverat.

40 1983 108 2050 alu
127 1990 223 2054 velim
248 2011 346 2073 saepe
369 1989 410 2054 ad
431 2012 492 2055 nos
516 1990 647 2055 scribas.
684 1990 720 2056 Si
743 2012 811 2054 rem
833 1990 957 2053 nullam
979 1989 1076 2053 habe-

68 2072 117 2162 bis,
138 2079 225 2162 quod
248 2078 285 2142 in
308 2078 441 2142 buccam
464 2078 601 2163 venerit,
631 2078 775 2144 scribite.
799 2077 892 2143 -Kal
915 2077 1075 2143 Ianuariis

68 2158 103 2226 hl.
122 2164 284 2252 Messalla,
307 2165 350 2230 M.
373 2164 491 2231 Pisone
514 2187 593 2231 coss.

523 2375 612 2466 11111.

257 2515 316 2572 Sor.
336 2515 441 2571 Romae
462 2515 509 2570 VI
522 2516 560 2570 K.
580 2515 662 2573 Febr.
683 2532 708 2570 o.
730 2519 785 2570 693
804 2519 874 2585 (61).

45 2657 62 2697 ²⁵
380 2655 509 2711 CICERO
529 2655 660 2712 ATTICO
681 2656 756 2712 SAL.
842 2703 847 2712 .

127 2778 243 2867 Accepi
266 2786 339 2847 tuas
370 2787 437 2847 tres
466 2783 532 2847 iam
564 2783 735 2870 epistulas,
763 2804 863 2848 unam
892 2805 912 2846 a
933 2781 977 2847 M.
1003 2780 1112 2847 Cor-1

73 2865 158 2955 neho,
185 2893 287 2956 quam
316 2870 434 2936 Tribus
465 2870 635 2956 Tabernis,
665 2874 703 2936 ut
733 2871 862 2958 opinor,
892 2871 921 2935 ei
952 2870 1078 2956 dedisti,

76 2951 204 3047 alteram,
234 2981 333 3044 quam
358 2959 441 3023 mihi
469 2958 650 3024 Canusinus
677 2963 754 3023 tuus
781 2959 901 3042 hospes
931 2958 1079 3044 reddidit,

75 3041 200 3136 tertiam,
230 3069 342 3133 quam,
367 3051 405 3112 ut
434 3047 563 3134 scribis,
592 3069 709 3112 ancora
739 3047 847 3111 soluta
876 3047 915 3111 de
944 3045 1078 3130 phaselo

49 3125 186 3222 adedisti;
210 3157 294 3220 quae
313 3137 445 3200 fuerunt
460 3157 580 3222 omnes,
601 3141 639 3201 ut
650 3134 818 3199 rhetorum
836 3135 929 3219 pueri
942 3135 1078 3218 loquun-

77 3216 128 3303 tur,
147 3243 218 3289 oum
236 3223 449 3289 humanitatis
470 3245 599 3308 sparsae
619 3224 685 3288 sale
704 3227 776 3288 tum
793 3223 938 3308 insignes
958 3222 1078 3286 amoris

77 3307 157 3375 noth.
191 3311 318 3388 Quibus
341 3312 490 3397 epistulis
515 3334 587 3376 sum
610 3312 758 3396 equidem
776 3311 835 3375 abs
858 3314 891 3376 te
909 3310 1078 3374 lacessitus

34 3435 36 3447 ·
80 3391 110 3488 sd
128 3401 375 3485 rescribendum3
405 3401 461 3466 sed
487 3401 604 3465 idcirco
636 3423 709 3464 sum
736 3399 873 3484 tardior,
904 3398 991 3481 quod
1012 3418 1080 3460 non

78 3489 186 3555 uranio
209 3489 338 3554 fidelem
360 3489 573 3554 tabellarium.
611 3488 737 3565 Quotus
759 3487 845 3568 enim
865 3486 1002 3570 quisque
1020 3487 1080 3568 est,
