2560 3880
289 165 546 220 EPISTULARUM
564 166 614 219 AD
632 165 791 221 ATTICUM
810 165 860 220 XV
879 171 991 220 27-29.
1076 167 1140 230 491

133 307 261 372 litteras
294 307 486 390 exspectabo
518 311 551 372 et
582 308 720 372 maxims
752 308 790 372 ds
821 308 918 392 ludis3
954 308 992 372 dc
1024 307 1141 391 quibus

134 396 234 460 etiam
268 396 308 459 ad
337 395 474 459 Brutum
511 395 573 459 tibi
608 395 809 459 scribendum
838 399 894 459 cst.
948 394 1047 459 Cuius
1077 396 1141 480 epi·

134 483 248 568 stulae,
272 503 367 565 quam
390 483 595 566 interpretari
617 484 687 566 ipse
709 483 764 547 vix
786 487 940 569 poteram,
961 482 1157 566 exemplum¹

134 571 238 654 pridie
264 570 325 633 tibi
353 570 510 634 miseram.
555 569 684 634 Atticae
709 592 798 634 111111
824 571 921 635 velim
948 593 999 634 me
1021 571 1068 634 ita
1091 592 1142 639 ex-

106 679 237 743 scuses,
259 661 297 721 ut
320 679 447 722 0111111111
470 658 596 740 culpam
619 659 654 721 in
676 661 709 722 tc
730 658 904 722 transferas
928 662 960 722 11
982 658 1012 722 11
1033 661 1142 722 tamen

134 746 303 811 confirmes
330 766 382 810 me
404 746 611 809 immutatum
633 766 773 810 amorem
796 767 903 810 meum
924 767 1049 810 mecum
1071 745 1141 809 abs·

134 833 257 897 tulisse.

580 1005 695 1071 XXIX.

268 1126 372 1182 81111
391 1125 541 1181 Formiano
559 1126 616 1179 III
629 1126 703 1180 Noa.
720 1125 812 1195 Quint.
828 1144 853 1181 a.
870 1131 924 1182 710
943 1130 1011 1196 (44).

89 1259 119 1300 10
438 1246 581 1302 CICERO
598 1247 744 1303 ATTICO
761 1248 843 1302 SAL.

201 1353 296 1418 Bruti
318 1353 358 1419 ad
380 1358 414 1419 11
436 1354 607 1436 epistulam
629 1355 711 1419 misi.
748 1353 791 1418 Di
812 1355 899 1440 boni,
922 1359 1042 1438 quanta
1058 1355 1173 1439 depo-1

133 1444 245 1524 χανίαῐ
277 1440 468 1528 Cognosces,
491 1463 563 1507 cum
585 1443 709 1527 legeris.
746 1441 794 1506 De
818 1443 1030 1506 celebratione
1052 1442 1141 1507 ludo-

133 1551 206 1592 rum
233 1529 329 1594 Bruti
360 1530 422 1594 tibi
449 1529 619 1594 adsentior.
668 1529 720 1594 Ad
746 1529 789 1593 M.
812 1529 941 1594 Aelium
968 1530 1076 1594 nullus
1103 1534 1140 1593 tu

134 1616 263 1700 quidem
287 1616 426 1702 domum,
448 1617 504 1680 sed
526 1618 628 1681 sicubi
651 1617 806 1682 inciderit.
851 1616 900 1680 De
923 1617 1071 1682 Tulliano
1095 1639 1140 1682 se·

89 1731 119 1771 11
133 1704 232 1768 misse
254 1704 297 1768 M.
318 1703 481 1769 Axiauum
508 1705 689 1790 adhibebis,
716 1710 754 1769 ut
781 1704 902 1769 scribis.
949 1704 1040 1781 Quod
1067 1727 1140 1769 cum

134 1789 261 1857 Cosano
286 1793 396 1878 egisti,
424 1791 551 1875 optime.
593 1792 772 1868 euoenon
795 1793 900 1857 solum
922 1815 1002 1878 mea,
1028 1814 1140 1857 verum

133 1879 233 1942 etiam
264 1883 321 1944 tua
351 1899 447 1944 causo
477 1902 527 1944 me
560 1880 704 1964 expedis,
740 1884 876 1965 gratum.
931 1879 1140 1964 Legationem

132 1967 265 2048 probari
301 1989 403 2031 meam
439 1969 572 2052 gaudeo.
626 1966 718 2041 Quod
748 1967 925 2051 promittis,
958 1967 991 2031 di
1023 1968 1139 2032 faxint!

133 2052 217 2128 Quid
239 2055 324 2118 enim
346 2055 427 2120 mihi
449 2055 529 2118 meis
552 2054 742 2119 iucundius?
780 2053 842 2119 Sed
859 2055 965 2140 istam,
988 2076 1084 2137 quam
1102 2060 1139 2119 tu

89 2167 119 2209 1ο
134 2142 267 2227 excipis,
294 2147 412 2207 metuo.
463 2143 601 2206 Brutum
628 2163 701 2205 cum
728 2163 918 2227 convenero,
944 2142 1139 2225 perscribam

134 2229 249 2294 omnia.
294 2228 343 2293 De
374 2229 492 2294 Planco
525 2234 557 2294 11
584 2228 716 2293 Decimo
749 2250 825 2293 saue
854 2229 958 2293 velim.
1005 2227 1139 2293 Sextum

134 2319 262 2380 scutum
293 2317 417 2382 abicere
447 2318 604 2382 nolebam.
649 2317 697 2381 De
724 2317 858 2400 Mundo,
890 2317 918 2380 si
944 2316 1023 2399 quid
1050 2317 1138 2381 scies.

133 2402 299 2487 Rescripsi
322 2406 362 2469 ad
384 2405 492 2469 omnia
513 2408 583 2491 tua,
605 2426 690 2468 nunc
712 2408 824 2469 nostra
847 2404 960 2487 accipe.
1157 2423 1172 2468 a

200 2490 337 2565 Quintus
366 2492 453 2556 filius
479 2513 581 2575 usque
603 2491 754 2556 Puteolos
784 2491 899 2572 (mirus
922 2491 1015 2577 civis,
1040 2495 1078 2555 ut
1100 2494 1138 2555 tu

90 2603 119 2644 ss
133 2575 311 2643 Favonium
337 2578 488 2644 Asinium
514 2576 614 2666 dicas)
644 2583 677 2644 11
701 2579 829 2662 quidam
852 2580 930 2643 duas
954 2580 995 2643 ob
1019 2600 1138 2662 causas,

133 2665 262 2745 111111
288 2688 411 2730 mecum
438 2670 471 2730 et
497 2671 534 2732 ut
563 2670 759 2733 σπείσασθαι
788 2667 859 2731 vult
886 2688 958 2731 cum
981 2666 1084 2731 Bruto
1110 2673 1140 2732 et

134 2750 254 2818 Cassio.
300 2753 362 2820 Sed
393 2759 430 2819 tu
463 2755 540 2836 quid
569 2755 638 2818 ais?
675 2752 747 2818 Scio
775 2754 861 2819 enim
888 2758 921 2819 te
947 2755 1138 2818 familiarem

133 2861 203 2904 esse
225 2840 398 2905 Othonum.
435 2841 494 2905 Ait
515 2841 568 2906 hic
591 2842 654 2905 sibi
671 2841 788 2906 Iuliam
806 2842 902 2927 ferrc3
925 2843 1138 2906 constitutum

133 2927 219 2992 1111111
245 2950 314 2993 esse
341 2929 516 2993 discidium.
562 2926 726 3004 Quaesivit
753 2951 792 2994 ex
818 2952 870 2994 me
896 2932 1002 3015 pater,
1033 2929 1137 3012 qualis
1259 2927 1261 3012 J

89 3040 119 3081 10
132 3020 218 3079 esset
247 3016 341 3081 fama.
386 3015 463 3080 Dixi
493 3016 576 3080 nihil
607 3038 683 3081 sane
709 3038 761 3080 me
790 3017 916 3081 audisse
944 3014 1138 3102 (nesciebam
1257 3015 1260 3090 j

133 3103 226 3186 enim,
249 3126 305 3168 cur
328 3101 509 3191 quaereret)
532 3104 596 3168 nisi
618 3104 657 3168 de
680 3124 734 3168 ors
757 3108 790 3169 et
811 3108 909 3187 patre.
946 3101 1021 3167 ‘Sed
1044 3125 1137 3186 quor·
1257 3149 1258 3158 1

133 3189 221 3255 sus?'
253 3191 394 3276 inquam.
443 3189 490 3256 At
516 3191 572 3256 ille
598 3191 702 3256 filium
728 3191 818 3256 velle.
863 3191 946 3254 Tum
973 3211 1032 3274 ego
1038 3242 1047 3277 ,
1075 3191 1138 3254 etsi
1256 3261 1257 3266 γ

132 3276 384 3364 ἐβδελυττόμην,
407 3283 516 3344 tamen
538 3279 653 3365 negavi
675 3282 789 3362 putare
811 3300 863 3342 me
885 3277 941 3341 illa
963 3298 1033 3341 esse
1053 3299 1137 3342 vera.
1250 3335 1256 3352 ,.

131 3366 264 3442 Σκοπὸς
289 3365 377 3452 [hoc]
401 3371 451 3432 est
473 3367 559 3432 enim
577 3367 652 3432 huic
669 3369 781 3430 nostro
799 3365 882 3434 nihil
900 3365 1061 3450 praebere,
1081 3365 1138 3429 illa
1253 3445 1255 3452 Ι

89 3477 117 3519 aa
131 3456 240 3518 autem
263 3455 305 3519 οὐ
327 3457 416 3540 παρὰ
438 3464 545 3520 τοῦτο.
590 3455 662 3539 Ego
685 3457 794 3518 tamen
817 3452 962 3535 suspicor
984 3451 1078 3538 hunc,
1100 3455 1138 3516 ut
1254 3459 1255 3468 ’
