2616 3884
269 123 528 180 EPISTULARUM
545 124 595 179 AD
613 123 777 179 ATTIOUM
794 123 861 179 VIII
880 130 922 194 13,
942 130 984 180 14.
1065 124 1131 189 249

120 273 193 334 tuas
211 267 366 352 epistulas
385 268 468 354 lego,
490 268 595 335 multo
615 268 712 334 etiam
729 268 842 353 magis,
880 266 1020 332 Omnino
1038 267 1131 332 intel·

119 358 192 442 lego
215 357 342 420 nullum
363 357 501 421 fuisset
487 361 614 458 tempus
636 360 713 440 post
734 356 794 422 has
817 357 911 441 fugas
934 360 966 420 et
988 355 1131 419 formidi-

120 468 176 510 nes
198 448 274 509 nost
275 466 338 530 ras,
361 444 447 528 quod
468 445 572 529 magis
594 444 741 509 debuerIt
763 448 890 509 mutum
913 465 982 509 esse
1005 465 1024 506 a
1045 443 1131 507 litte'

121 534 179 618 ris,
210 536 307 617 propt
309 554 381 597 erea
409 532 495 616 quod
521 554 625 616 neque
651 531 776 598 Romae
803 532 974 616 quiequam
1001 530 1090 595 audit
1076 535 1131 595 tur

96 621 196 690 ιιιοιι
217 642 276 684 nec
296 621 332 685 in
350 620 402 684 his
420 620 510 705 locis,
531 642 612 704 quae
631 643 650 685 a
667 620 840 686 Brundisio
860 621 979 686 absunt
997 619 1130 703 propius

121 711 246 794 †quam
263 712 301 772 tu
326 709 458 772 biduum
476 672 532 773 adt
550 708 701 773 triduum.
737 708 891 774 Brundisi
910 711 965 772 aut
967 729 1018 772 em
1037 728 1131 771 omno

122 801 282 862 certamen
303 797 387 861 verti
388 800 442 861 tur
388 795 560 862 thuius
583 796 680 880 primi
702 797 866 880 temporis.
908 795 978 872 Qua
1001 796 1131 879 quidem

123 885 359 969 exspectatione
385 889 546 969 torqueor.
593 883 655 949 Sed
681 885 790 949 omnia
817 889 892 949 ante
914 882 1026 948 Nonas
1055 884 1131 948 scie-

121 993 201 1037 mus.
232 972 357 1037 Eodem
379 973 464 1037 enim
488 973 539 1036 die
557 973 649 1037 video
669 971 836 1037 Caesarem
858 996 877 1037 a
894 970 1037 1037 Corfinio
1055 976 1131 1055 post

82 1088 109 1128 ιο
121 1060 287 1125 meridiem
308 1061 489 1143 profectum
511 1083 589 1143 esse,
612 1061 645 1125 id
668 1065 718 1125 est
740 1060 918 1146 Feralibus,
941 1082 1005 1144 quo
1029 1059 1132 1124 Canu·

122 1149 170 1214 sio
193 1169 286 1213 mane
303 1147 501 1233 Pompeium.
536 1149 586 1212 Εο
610 1148 706 1214 modo
725 1153 833 1213 autem
852 1148 996 1213 ambulat
1015 1146 1132 1213 Caesar

123 1241 155 1301 et
173 1237 213 1301 iis
231 1237 403 1321 congiariis
422 1237 564 1301 militum
582 1237 779 1302 celeritatem
797 1237 919 1320 incitat,
937 1240 975 1301 ut
993 1237 1133 1324 timeam,

121 1346 163 1390 ne
191 1325 287 1389 citius
315 1325 355 1388 ad
381 1324 603 1410 Bnmdisium,
635 1347 732 1408 quam
759 1347 839 1409 opus
867 1325 924 1408 sit,
956 1326 1132 1391 accesserit.

121 1412 230 1477 Dices:
268 1411 367 1488 ‘Quid
397 1413 499 1498 igitur
529 1414 671 1498 proficis,
704 1413 759 1498 qui
793 1413 949 1497 anticipes
983 1413 1052 1477 eius
1086 1413 1169 1477 reia

80 1527 108 1567 rs
122 1500 318 1583 molestiam,
350 1523 447 1584 quam
477 1500 585 1565 triduo
618 1503 756 1566 sciturus
789 1501 871 1566 sis?’
923 1499 1017 1566 Nihil
1047 1501 1134 1584 equi-

122 1589 207 1673 dem3
230 1589 295 1672 sed,
316 1593 353 1653 ut
376 1610 473 1672 supra
496 1589 576 1672 dixi,
598 1593 706 1654 tecum
728 1590 924 1674 perlibenter
945 1589 1078 1673 loquor,
1101 1593 1134 1653 et

122 1676 221 1742 simul
244 1677 325 1740 seito
347 1676 457 1740 labare
479 1699 587 1741 meum
614 1677 784 1741 consilium
813 1677 908 1762 illud,
938 1677 1024 1760 quod
1053 1677 1133 1740 satis

122 1765 186 1829 iam
218 1764 318 1828 fixum
349 1764 526 1829 videbatur.
577 1763 654 1830 Non
689 1765 771 1830 mihi
809 1765 888 1830 satis
919 1764 1026 1829 idonei
1058 1768 1134 1829 sunt

123 1856 270 1917 auctores
293 1853 327 1937 ii,
351 1853 407 1937 qui
429 1875 449 1918 a
470 1856 502 1917 te
525 1853 712 1937 probantur.
758 1852 851 1929 Quod
874 1853 959 1917 enim
981 1874 1135 1936 umquam

80 1967 109 2007 so
124 1958 236 2005 eorum
264 1940 299 2004 in
326 1962 362 2004 re
391 1940 520 2024 publiea
548 1941 633 2006 forte
659 1942 781 2006 factum
804 1941 951 2005 exstitit?
982 1944 1038 2005 aut
1061 1941 1135 2025 quis

11 2019 17 2130 l
123 2029 164 2093 ab
187 2029 229 2093 iis
252 2027 349 2092 ullam
369 2050 438 2092 rem
455 2028 548 2093 laude
567 2028 697 2114 dignam
715 2028 895 2094 desiderat?
922 2028 991 2095 Nec
1013 2028 1135 2093 moher-

12 2137 13 2160 ³
122 2116 194 2181 cule
210 2116 392 2181 'laudandos
415 2117 575 2200 existimo,
598 2118 655 2201 qui
677 2122 766 2182 trans
790 2139 878 2181 mare
900 2117 979 2182 belli
1001 2117 1135 2200 parandi
1168 2149 1170 2152 v

123 2226 220 2270 causa
255 2204 391 2288 profecti
423 2208 507 2270 sunt.
559 2204 760 2289 Quamquam
792 2204 870 2269 haec
905 2204 1036 2271 ferenda
1067 2227 1136 2270 non

11 2317 13 2340 2
123 2293 224 2357 erant.
274 2292 378 2356 Video
410 2292 512 2380 enim,
548 2298 706 2378 quantum
741 2293 775 2357 id
811 2292 933 2357 bellum
969 2297 1001 2357 et
1038 2315 1135 2377 quam

80 2407 109 2448 aa
121 2381 313 2464 pestiferum
344 2381 394 2444 fut
380 2384 489 2445 turum
524 2381 577 2446 sit.
629 2379 693 2447 Sed
727 2403 779 2446 me
814 2385 922 2445 movet
957 2403 1040 2445 unus
1072 2381 1136 2466 vir3

123 2469 215 2533 cuius
238 2468 392 2553 fugientis
416 2490 535 2555 comet,
561 2491 630 2533 rem
657 2469 820 2553 publicam
846 2469 1064 2553 recuperantis
1087 2491 1136 2533 so·

123 2557 193 2621 eius
216 2555 326 2620 videor
349 2579 417 2622 esse
440 2521 918 2642 debeie.‘'Totiensne1gitur
942 2579 998 2620 sen
999 2557 1135 2622 tentiam

123 2644 266 2708 mutas?
311 2643 383 2727 Ego
411 2648 516 2709 tecum
543 2649 710 2729 tamquam
738 2666 864 2709 mecum
885 2645 1010 2729 loquor.
1054 2644 1135 2720 Quis

124 2736 234 2798 autem
256 2736 316 2819 est,
337 2736 429 2796 tanta
451 2733 580 2817 quidem
603 2733 641 2797 de
664 2755 699 2798 re
722 2734 801 2817 quin
823 2733 910 2798 varie
936 2755 1043 2798 secum
1065 2733 1135 2818 ipse

81 2847 110 2888 ao
125 2820 269 2904 disputet
222 2821 291 2884 tet?
321 2821 419 2884 simul
447 2824 480 2884 et
507 2822 619 2886 elicere
641 2821 735 2904 cupio
760 2821 951 2886 sententiam
973 2825 1077 2907 tuam,
1108 2821 1136 2885 si

122 2912 243 2994 manet,
264 2912 302 2972 ιιι
324 2908 492 2973 firmior
467 2931 538 2996 srm,
560 2909 587 2974 si
605 2913 676 2973 mut
678 2913 731 2974 ata
749 2913 808 2995 est,
829 2913 898 2975 utt
884 2909 946 2974 tibi
965 2874 1087 2974 adseni'
1063 2913 1135 2973 t1.ar

124 2959 265 3060 Omnino
288 2996 329 3060 ad
350 2996 393 3083 id,
415 2997 453 3060 de
477 3019 540 3081 quo
564 2998 687 3084 dubito,
643 2998 850 3082 tpertinet
872 3020 922 3062 me
945 2997 1034 3082 seire,
1058 2997 1172 3081 quida

121 3083 291 3149 Domitius
313 3089 442 3150 acturus
466 3086 517 3169 sit,
541 3085 618 3170 quid
639 3090 752 3151 noster
774 3085 939 3150 Lentulus

192 3171 242 3237 De
260 3171 383 3236 Domit
359 3177 405 3237 tro
429 3174 517 3237 varia
540 3174 686 3238 audimus
709 3175 733 3259 †
751 3173 846 3238 modo
866 3195 935 3238 esse
953 3173 988 3236 in
1006 3172 1136 3237 Tiburti

80 3285 108 3327 aa
123 3263 182 3325 aut
204 3260 304 3344 lepidi
327 3282 391 3345 quo
415 3281 487 3326 cum
509 3261 633 3346 lepidus
657 3263 824 3327 accessisse
842 3262 882 3325 ad
905 3261 1026 3344 urbem,
1051 3260 1137 3344 quod

121 3348 204 3414 item
226 3348 346 3412 falsum
368 3349 461 3414 video
484 3371 562 3415 esse.
589 3350 648 3414 Ait
671 3351 756 3416 enim
774 3349 914 3432 Lepidus
936 3371 1009 3412 eum
1027 3349 1138 3412 nescio

121 3458 189 3521 quo
219 3441 405 3521 penetrasse
434 3437 606 3503 itineribus
629 3440 652 3522 ι
682 3437 861 3503 occultandi
892 3438 942 3501 sui
971 3457 1066 3499 causa
1095 3457 1138 3499 an
