2484 3886
450 190 488 244 n.
507 189 615 244 uuum
634 144 824 244 1111111111

616 419 656 485 V.

270 542 326 598 Sor.
347 543 451 598 Romae
465 543 553 611 paulo
572 547 635 596 aute
648 541 698 596 IV
712 541 750 595 K.
769 542 836 597 Deo.
857 545 915 597 686
934 543 1006 610 (68).

451 663 580 719 CICERO
598 663 730 719 ATTICO
749 664 824 718 SAL.

94 791 108 839 1
196 773 359 850 Quantum
387 773 531 838 dolorem
554 773 728 856 aooeperim
751 775 783 835 et
807 774 928 855 quanto
951 772 1062 836 fructu
1086 771 1149 835 sim

129 863 275 946 privatus
306 865 339 926 et
370 862 492 925 forensi
522 865 554 926 et
584 861 758 926 domestico
786 858 866 923 Luoi
895 860 1008 923 fratris
1041 860 1149 923 nostri
1180 879 1194 920 5

129 955 242 1036 morte,
260 950 426 1034 inprimis
445 971 504 1033 pro
522 954 635 1013 nostra
654 947 884 1014 consuetudine
903 951 941 1012 tu
960 947 1148 1012 existimare

128 1043 231 1122 potes.
267 1037 354 1102 Nam
371 1037 452 1101 mihi
476 1038 593 1122 omnia,
617 1059 698 1121 quae
720 1036 859 1101 iucunda
881 1056 921 1099 ex
943 1035 1148 1100 humanitate

130 1127 262 1190 alterius
291 1131 323 1190 et
350 1126 495 1191 moribus
522 1125 648 1190 homini
675 1124 814 1189 accidere
841 1127 993 1210 possunt,
1021 1145 1063 1187 111
1089 1124 1148 1188 illo

130 1214 323 1279 accidebant.
374 1213 479 1290 Quare
506 1235 572 1278 non
599 1213 726 1298 dubito,
761 1213 840 1296 quin
867 1211 930 1277 tibi
957 1233 1087 1296 quoque
1115 1211 1150 1275 id

129 1303 304 1366 molestum
336 1303 394 1390 sit,
425 1324 498 1366 oum
529 1306 561 1366 et
588 1323 659 1365 meo
692 1301 802 1365 dolore
831 1321 979 1364 moveare
1012 1305 1045 1364 et
1077 1300 1149 1384 ipse
1165 1321 1195 1360 10

131 1390 219 1454 omni
249 1391 371 1455 virtute
404 1391 574 1474 officioque
607 1389 850 1453 ornatissimum
881 1389 995 1472 tuique
1025 1391 1058 1451 et
1089 1411 1150 1452 sua

131 1482 246 1561 sponte
273 1482 305 1543 et
332 1501 403 1543 meo
431 1501 576 1543 sermone
600 1483 760 1542 amantem
783 1477 921 1540 adfinem
943 1476 1149 1560 amicumque

130 1567 284 1631 amiseris.

94 1671 109 1719 2
197 1654 289 1731 Quod
312 1656 351 1720 ad
373 1678 424 1719 me
448 1655 561 1719 scribis
585 1654 623 1718 de
647 1675 757 1718 sorore
780 1658 850 1738 tua,
879 1653 974 1716 testis
998 1652 1061 1716 erit
1084 1653 1150 1716 tibi

129 1744 213 1829 ipsa,
237 1748 375 1828 quantae
399 1743 480 1807 mihi
502 1765 596 1807 aurae
619 1742 726 1827 fuerit,
749 1745 786 1805 ut
809 1740 922 1817 Quinti
944 1741 1056 1804 fratris
1082 1741 1194 1804 ani-15

129 1855 202 1896 mus
231 1833 267 1896 in
294 1854 363 1897 eam
391 1835 475 1896 esset
502 1831 530 1894 is
536 1883 545 1916 ,
573 1830 630 1914 qui
657 1851 727 1894 esse
755 1829 892 1894 deberet.
944 1827 1046 1904 Quem
1074 1850 1150 1894 oum

129 1942 199 1984 esse
227 1921 432 1984 offensiorem
458 1919 645 2003 arbitrarer,
675 1939 727 1981 eas
751 1918 877 1981 litteras
902 1916 941 1980 ad
966 1939 1040 1981 eum
1062 1917 1151 2002 misi,

130 2009 248 2091 quibus
277 2012 309 2072 et
336 2007 495 2091 placarem
522 2010 559 2069 ut
584 2007 719 2069 fratrem
742 2010 774 2069 et
796 2027 961 2070 monerem
983 2009 1021 2068 ut
1044 2005 1151 2068 mino-

129 2118 197 2159 rem
224 2100 257 2160 et
284 2095 489 2180 obiurgarem
515 2098 553 2157 ut
576 2097 744 2158 errantem.
790 2092 904 2177 Itaque
928 2115 968 2156 ex
990 2092 1041 2178 iis,
1065 2115 1150 2177 quae

129 2189 243 2267 postea
271 2205 364 2266 saepe
392 2183 432 2247 ab
461 2205 498 2246 eo
527 2181 567 2246 ad
593 2204 644 2246 me
673 2183 792 2265 scripta
820 2185 911 2267 sunt,
942 2181 1069 2245 confido
1100 2181 1150 2246 ita
1165 2203 1193 2242 ao

130 2293 199 2336 esse
223 2272 340 2358 omnia,
362 2274 400 2335 ut
423 2274 456 2334 et
479 2274 627 2353 oporteat
649 2274 682 2334 et
705 2270 849 2333 velimus.

94 2377 109 2424 3
196 2360 245 2423 Ι)1
267 2360 450 2423 litterarum
472 2358 625 2422 missione
654 2358 722 2422 sine
750 2379 845 2421 eausa
868 2357 926 2421 aba
949 2360 982 2420 te
1005 2378 1150 2422 aeeusor.

129 2445 316 2531 Numquam
335 2447 419 2510 enim
439 2469 457 2510 1
475 2445 653 2530 Pomponia
671 2449 784 2510 nostra
805 2445 922 2509 certior
946 2467 1018 2510 sum
1040 2446 1150 2509 faetus

129 2557 208 2620 esse,
231 2535 283 2599 oui
301 2535 376 2598 dare
393 2535 520 2598 litteras
538 2556 677 2619 possem,
699 2555 796 2617 porro
816 2538 924 2597 autem
941 2555 1046 2616 neque
1065 2533 1150 2597 mihi

130 2623 252 2708 aooidit,
275 2627 312 2686 ut
329 2622 492 2707 haberem,
514 2623 570 2706 qui
593 2623 629 2686 in
646 2621 783 2705 Epirum
805 2622 1072 2706 proficisceretur,
1094 2643 1151 2686 ne·
1165 2642 1191 2684 11

92 2711 268 2795 aquedum
295 2714 327 2774 te
354 2709 493 2775 Athenis
521 2731 590 2774 esse
621 2710 836 2774 audiebamus.
882 2709 931 2773 De
958 2707 1150 2774 Acutiliano

130 2803 238 2863 autem
255 2799 388 2884 negotio
408 2798 494 2882 quod
516 2799 599 2862 mihi
621 2798 799 2883 mandaras,
822 2801 859 2861 ut
882 2797 1023 2880 primum
1047 2820 1066 2861 a
1089 2801 1151 2862 tuo

129 2887 277 2972 digressu
299 2886 437 2951 Romam
464 2887 552 2972 veni,
580 2887 791 2970 confeceram,
816 2885 872 2949 sed
895 2885 1023 2971 aooidit,
1053 2889 1092 2949 ut
1116 2889 1151 2950 et

130 2975 335 3039 contentione
357 2975 441 3039 nihil
464 2996 545 3057 opus
569 2978 668 3060 esset,
693 2978 725 3037 et
748 2978 785 3037 ut
808 2994 883 3058 ego,
906 2973 962 3056 qui
985 2973 1020 3036 in
1042 2976 1076 3038 te
1102 2995 1151 3038 11·

129 3064 173 3126 tis
209 3063 336 3126 consilii
371 3063 540 3128 statuerim
573 3084 656 3149 esse,
692 3061 821 3126 mallem
852 3060 1052 3125 Peducaeum
1085 3062 1192 3125 tibiae

130 3152 301 3215 eonsilium
327 3173 385 3235 per
410 3151 538 3215 litteras
567 3172 664 3234 quam
690 3171 742 3214 me
770 3149 852 3213 dare.
900 3149 1047 3235 Etenim,
1075 3170 1151 3214 oum

129 3240 250 3304 multos
280 3239 346 3304 dies
375 3261 467 3304 aures
491 3261 579 3302 meas
603 3237 746 3303 Acutilio
770 3237 942 3322 dedissem,
969 3237 1061 3300 euius
1086 3260 1151 3301 ser-

129 3329 235 3391 monis
259 3348 360 3412 genus
385 3327 447 3391 tibi
468 3331 585 3392 notum
604 3348 674 3390 esse
693 3325 842 3410 arbitror,
864 3347 932 3389 non
949 3323 1031 3388 mihi
1050 3345 1150 3410 grave

130 3416 207 3479 duxi
238 3416 376 3480 scribere
409 3415 449 3479 ad
481 3420 513 3479 te
546 3414 584 3477 de
615 3414 704 3477 illius
736 3413 960 3498 querimoniis,
992 3434 1066 3477 eum
1095 3435 1149 3478 111

130 3504 253 3590 audire,
286 3504 372 3588 quod
404 3507 473 3568 erat
506 3502 729 3586 subodiosum,
760 3501 830 3565 leve
859 3505 1033 3585 putassem.
1086 3499 1151 3566 Sed
1165 3527 1191 3569 11
