2616 3884
288 138 545 194 EPISTULARUM
564 140 613 193 AD
632 139 796 195 ATTIOUM
814 140 878 194 VIII
897 146 922 208 2,
941 147 965 194 3.
1072 140 1138 204 225

191 282 319 350 Vibulli
350 305 402 347 res
438 287 547 366 gestae
578 288 654 347 sunt
686 283 788 347 adhuc
819 283 984 348 maximae.
1030 281 1066 346 Id
1098 299 1175 347 exe

124 370 259 455 Pompei
289 371 420 435 litteris¹
445 392 631 456 cognosces3
668 372 703 435 in
740 370 858 455 quibus
891 371 1137 435 animadvertito

125 461 219 525 illum
236 460 353 543 locum,
376 459 433 523 ubi
453 459 514 523 erit
533 460 641 543 διπλῆ.
674 459 818 543 Videbis,
840 460 878 522 de
898 458 1005 524 Gnaeo
1024 462 1137 523 nostro

125 549 195 633 ipse
213 546 380 613 Vibullius
404 547 483 630 quid
506 547 677 612 existimet.
711 546 780 622 Quo
799 548 900 633 igitur
916 546 995 611 haec
1014 549 1137 629 spectat

99 636 253 703 coratio?
298 634 372 720 Ego
404 657 464 718 pro
494 633 648 719 Pompeio
684 636 834 700 lubenter
862 636 963 699 emori
991 656 1138 718 possum;

10 719 14 735 '
125 725 208 789 facio
231 723 335 808 pluris
363 723 507 787 omniurn
533 723 702 788 hominum
728 724 903 808 neminem,
931 722 986 787 sed
1012 743 1079 786 non
1101 726 1138 785 ut

126 817 163 877 tu
191 833 257 876 uno
290 811 326 875 in
360 833 396 875 co
428 811 533 875 iudico
571 834 660 896 spem
695 812 733 876 de
768 812 871 876 salute
907 811 954 876 rei
984 809 1138 894 publicae.

127 901 298 986 Significas
313 899 399 964 enim
413 898 578 982 aliquanto
599 922 699 986 secus,
717 920 814 984 quarn
833 899 967 982 solebas,
985 902 1022 962 ut
1041 898 1139 963 ctiam

125 988 236 1075 Italia,
263 988 292 1051 si
318 987 373 1052 ille
401 987 506 1074 cedat,
532 991 627 1071 putes
650 987 831 1052 cedendum.
877 986 970 1062 Quod
997 1007 1057 1071 ego
1079 1007 1140 1050 nec

85 1104 112 1144 ιο
125 1077 174 1142 rei
196 1074 344 1160 publicae
367 1078 447 1159 puto
466 1097 536 1140 esse
559 1076 639 1141 utile
657 1097 715 1140 nec
733 1074 844 1140 liberis
862 1076 953 1161 meis,
974 1078 1139 1158 praeterea

125 1185 231 1249 neque
266 1166 389 1227 rectum
428 1185 530 1247 neque
565 1163 739 1227 honestum
770 1163 905 1228 videtur.
957 1163 1140 1227 ‘Poterisne

125 1254 230 1338 igitur
257 1251 364 1316 videre
390 1251 602 1334 tyrannum?'
648 1250 746 1327 Quasi
772 1251 916 1334 intersit,
944 1252 1070 1315 audiam
1098 1272 1139 1315 an

126 1342 266 1424 videam,
300 1343 356 1404 aut
387 1339 580 1423 locupletior
609 1340 691 1403 milri
724 1340 768 1404 sit
800 1339 999 1424 quaerendus
1027 1342 1139 1403 auctor

126 1451 226 1515 quam
250 1426 413 1512 Socrates3
440 1427 510 1511 qui,
533 1449 605 1492 cum
628 1445 702 1491 xxx
724 1429 855 1511 tyranni
878 1430 999 1512 essent,
1025 1428 1138 1510 pedem

84 1543 111 1585 rs
124 1521 223 1602 porta
244 1537 312 1580 non
330 1515 454 1581 extulit.
490 1515 553 1580 Est
575 1516 656 1579 mihi
673 1520 837 1598 praeterea
855 1516 1026 1600 praecipua
1044 1537 1139 1580 causa

126 1605 285 1670 manendi.
329 1602 379 1669 De
403 1626 467 1688 qua
489 1603 614 1668 utinam
637 1604 808 1687 aliquando
831 1608 937 1668 tecum
959 1604 1086 1686 loquar!

193 1693 268 1778 Ego
291 1709 355 1756 xm
372 1691 515 1777 Kalend,
538 1714 609 1756 oum
633 1692 742 1756 eadem
763 1692 893 1756 lucerna
914 1692 997 1755 hanc
1019 1690 1138 1774 epistu-

125 1783 193 1846 lam
215 1781 429 1864 scripsissem,
460 1801 523 1863 qua
545 1780 778 1844 inflammaram
801 1785 906 1865 tuam,
932 1779 1070 1844 Formiis
1099 1779 1139 1842 ad

126 1867 332 1954 Pompeium,
354 1869 382 1932 si
405 1868 443 1932 de
472 1889 550 1951 pace
573 1871 736 1953 ageretur,
758 1869 1026 1952 promptissimae,
1049 1866 1077 1930 si
1100 1866 1138 1930 de

83 1985 112 2024 ao
126 1958 223 2044 bello,
246 1957 324 2042 quid
346 1957 422 2021 ero?

605 2129 662 2196 111.

292 2252 349 2308 Ser.
367 2254 400 2307 ia
419 2252 518 2308 Coleao
537 2251 607 2306 XII
620 2251 658 2306 K.
678 2251 765 2307 Mart.
785 2269 810 2306 a.
831 2254 886 2308 705
904 2254 973 2320 (49).

447 2373 575 2431 CICERO
593 2373 725 2429 ATTICO
745 2373 819 2429 SAL.

194 2483 346 2550 Maximis
383 2486 416 2549 et
451 2483 641 2548 miserrimis
677 2481 774 2547 rebus
806 2482 1029 2568 perturbatus,
1065 2497 1174 2546 cumr

85 2601 113 2643 aa
128 2595 238 2638 coram
259 2576 366 2638 tecum
388 2571 470 2635 miln'
492 2575 637 2656 potestas
661 2570 857 2634 deliberandi
879 2593 946 2636 non
969 2574 1067 2656 esset,
1088 2572 1139 2635 uti

127 2665 239 2726 tamen
266 2664 323 2725 tuo
352 2659 489 2724 consilio
520 2659 617 2724 volui.
662 2658 861 2723 Deliberatio
894 2663 1001 2723 autem
1034 2659 1138 2722 omnis

126 2748 207 2815 haec
228 2752 293 2835 est,
320 2749 348 2813 si
370 2747 542 2831 Pompeius
565 2746 662 2812 Italia
689 2747 832 2831 excedat,
865 2747 950 2831 quod
977 2769 1050 2810 eum
1076 2748 1138 2811 fac-

128 2842 238 2902 turum
265 2858 335 2901 esse
363 2836 521 2920 suspicor,
549 2836 627 2919 quid
652 2835 734 2899 mihi
761 2835 919 2920 agendum
945 2839 1047 2918 putes.
1092 2835 1138 2898 Et

129 2947 193 3010 quo
216 2925 344 2990 facilius
367 2924 539 2989 consilium
561 2924 636 2988 dare
658 2923 778 3008 possis,
805 2923 883 3007 quid
911 2924 946 2986 in
969 2926 1139 3006 utramque

85 3043 114 3083 ao
128 3018 255 3098 partem
276 3012 358 3077 mihi
380 3013 416 3077 in
437 3016 579 3077 mentem
596 3013 713 3096 veniat,
736 3011 901 3095 explicabo
925 3011 1022 3076 brevi.

88 3121 90 3125 ·
196 3100 279 3167 Cum
307 3101 423 3166 merita
448 3100 582 3184 Pompei
612 3122 735 3164 summa
767 3119 843 3184 erga
871 3100 1008 3163 salutem
1034 3115 1174 3163 meanis

127 3191 409 3274 familiaritasque,
436 3210 518 3272 quae
539 3187 620 3252 mihi
647 3211 719 3253 cum
741 3210 778 3252 eo
807 3191 871 3273 est,
897 3191 968 3251 tum
994 3189 1065 3270 ipsa
1091 3187 1139 3250 rei

128 3278 275 3363 publicae
309 3299 404 3343 causa
439 3299 490 3341 me
526 3276 666 3360 adducit,
702 3279 740 3341 ut
775 3275 857 3340 mihi
887 3276 939 3340 vel
970 3274 1140 3339 consilium

127 3389 235 3432 meum
263 3388 335 3432 curn
363 3365 451 3430 illius
480 3365 613 3430 consilio
643 3365 695 3430 vel
717 3364 848 3428 fortuna
871 3385 940 3428 meu
963 3384 1031 3427 cam
1054 3363 1141 3426 illias

82 3481 114 3523 as
125 3458 257 3538 fatena
279 3454 500 3539 coniungenda
524 3475 594 3516 esse
615 3453 769 3518 rideatur.
815 3450 948 3515 Accedit
970 3449 1058 3512 illud.
1103 3447 1140 3511 Si

182 3568 228 3610 cic.
243 3568 310 3616 episc.
324 3569 356 3609 11.
944 3557 977 3604 15
