2564 3880
163 136 229 198 442
488 135 526 189 Μ.
545 135 653 188 TULLI
672 133 861 189 CICERONIS

125 296 144 343 4
231 277 371 352 Quintus
395 281 488 360 peter
506 277 547 340 ad
570 299 621 341 me
645 277 755 360 grevia
774 275 813 339 de
831 276 910 359 filio,
933 273 1075 338 maxime
1100 273 1197 356 quod

161 367 259 430 matri
286 387 372 429 nunc
400 365 580 450 indulgeat,
613 366 665 428 cui
693 367 787 428 entes
810 365 895 450 bene¹
923 362 1062 427 merenti
1085 361 1195 424 fuerit

162 454 320 518 inimicus.
367 453 526 517 Ardentes
549 454 585 516 in
607 475 680 516 eum
703 453 830 516 litteras
855 452 965 514 adme
987 450 1087 514 misit.
1129 447 1194 512 Ille
1272 527 1273 532 η

162 546 271 607 autem
295 541 373 625 quid
392 545 477 625 egat,
501 541 528 604 si
553 541 616 604 scis
634 540 815 624 nequedum
834 538 939 603 Rome
957 560 990 602 es
1008 538 1192 621 profectus
1272 561 1273 582 2

162 630 284 694 scribas
307 629 347 692 ed
370 650 421 692 me
442 629 553 712 velim,
577 631 609 692 et
632 628 761 692 hercule
786 627 814 691 si
838 627 915 711 quid
939 625 1035 691 eliud
1081 624 1193 689 Vehe-
1221 654 1232 692 s

161 722 285 782 menter
308 717 448 782 delector
471 718 537 781 tuis
560 716 689 780 litteris.

641 890 697 956 XI.

342 1013 399 1068 Ser.
415 1013 447 1066 iu
465 1011 589 1066 Cumano
608 1013 659 1066 XI
674 1013 712 1067 K.
728 1013 801 1066 Mai.
817 1031 842 1066 a.
859 1016 914 1066 710
934 1015 1002 1080 (44).

1272 1107 1273 1148 l

483 1134 612 1189 CICERO
632 1133 764 1188 ATTICO
785 1134 860 1188 sAL.

127 1263 141 1310 1
228 1243 357 1308 Nudius
390 1243 506 1306 tertius
540 1236 628 1305 dedi¹
645 1243 685 1307 ed
717 1246 750 1305 te
782 1241 956 1325 epistulam
988 1241 1228 1326 longiorem31o
1272 1275 1273 1292 2

161 1355 247 1397 nunc
271 1332 311 1396 ed
330 1354 375 1416 ee,
399 1353 480 1414 quae
498 1331 652 1414 proxime.
698 1329 807 1394 Velim
830 1329 1020 1414 mehercule,
1042 1331 1188 1394 Asturae
1272 1413 1273 1416 Ἴ

162 1420 293 1484 Brutus.
324 1418 521 1484 Ἀκολασίαν
534 1419 673 1482 istorum
684 1418 807 1483 scribis.
831 1417 885 1482 An
898 1417 1052 1482 censebas
1067 1418 1187 1482 aliter?

162 1508 323 1592 Equidem
342 1509 439 1571 etiem
457 1507 581 1571 maiore
600 1511 759 1590 exspecto.
797 1504 902 1581 Quom
918 1505 1094 1590 [equidem]
1111 1527 1187 1570 con·

162 1598 284 1661 tionem
312 1596 386 1680 lego
411 1595 462 1659 ‘de
489 1599 581 1658 tento
605 1595 690 1677 viro,
719 1594 757 1658 de
786 1595 964 1658 clarissimo
988 1595 1072 1677 civi',
1101 1595 1186 1658 ferre
1272 1601 1273 1642 ἒ

161 1707 229 1748 non
257 1706 348 1768 queo.
394 1681 469 1746 Etsi
500 1683 565 1746 iste
595 1683 661 1746 iem
694 1683 733 1745 ad
765 1683 875 1746 risum.
923 1681 985 1747 Sed
1012 1686 1187 1764 memento,
1202 1709 1226 1748 15

164 1773 210 1836 sic
232 1773 332 1836 alitur
355 1771 552 1836 consuetudo
576 1770 775 1853 perditarum
798 1770 995 1854 contionum,
1017 1773 1056 1833 ut
1078 1772 1186 1834 nostri

163 1861 211 1924 illi
234 1883 301 1924 non
322 1860 451 1942 heroes,
484 1858 540 1922 sed
568 1859 601 1922 di
628 1859 731 1921 futuri
755 1858 884 1941 quidem
911 1858 947 1923 in
974 1857 1080 1942 glorie
1097 1875 1186 1922 ‘sem-

162 1949 290 2031 piterne
322 1948 403 2032 sint,
433 1947 489 2012 sed
515 1969 582 2010 non
613 1947 681 2010 sine
709 1946 844 2030 invidie,
873 1967 915 2010 ne
947 1946 1016 2010 sine
1039 1947 1185 2030 periculo

164 2037 300 2119 quidem.
352 2035 475 2099 Verum
511 2035 577 2098 illis
615 2055 732 2118 magno
769 2034 949 2102 consolatio
986 2034 1187 2099 conscientia
1272 2073 1273 2080 κ

163 2125 296 2188 maximi
320 2127 353 2188 et
376 2123 545 2187 clarissimi
563 2119 650 2206 fecti,
672 2122 767 2186 nobis
787 2123 891 2204 quee‘?
934 2123 990 2205 qui
1011 2121 1224 2188 interfectore

162 2233 237 2296 rege
259 2211 355 2276 liberi
373 2233 439 2274 non
458 2232 577 2274 sumus.
611 2208 673 2274 Sed
690 2210 770 2274 haec
788 2211 921 2274 fortune
939 2210 1068 2296 viderit,
1083 2233 1186 2294 quon-

163 2300 228 2363 iam
252 2299 336 2382 ratio
359 2319 426 2362 non
449 2299 616 2382 gubernet.

127 2407 143 2452 2
229 2386 279 2450 De
300 2385 451 2450 Cicerone
470 2408 552 2468 quae
570 2386 694 2471 scribis,
715 2385 854 2449 iucunde
872 2385 954 2450 mihi
973 2390 1063 2470 sunt3
1086 2387 1186 2450 velim

163 2475 230 2537 sint
259 2496 421 2556 prospera.
472 2473 565 2547 Ouod
595 2495 688 2536 curce
715 2473 778 2537 tibi
808 2477 872 2559 est,
902 2478 940 2537 ut
976 2474 1005 2537 ei
1035 2475 1186 2557 suppedi-

162 2565 251 2624 tetur
277 2561 317 2625 ad
348 2583 443 2626 usum
468 2565 501 2624 et
531 2561 652 2624 cultum
684 2561 826 2645 copiose,
858 2583 918 2644 per
945 2561 1026 2626 mihi
1052 2567 1185 2646 gratum
1198 2589 1222 2628 rs

163 2653 226 2733 est,
253 2649 350 2732 idque
377 2653 414 2712 ut
436 2650 549 2731 facies,
581 2652 614 2711 te
647 2649 745 2713 etiem
768 2655 858 2730 atque
881 2651 975 2714 etium
998 2670 1087 2734 rogo.
1134 2649 1185 2714 De

162 2735 347 2800 Buthrotiis
366 2741 398 2800 ct
417 2741 454 2800 tu
473 2740 558 2800 recte
577 2737 710 2820 cogites,
724 2741 757 2801 et
775 2758 836 2821 ego
855 2759 922 2801 non
941 2737 1072 2801 dimitto
1086 2739 1186 2803 istem

163 2846 279 2888 curem.
318 2822 499 2906 Suscipiem
518 2846 646 2888 omnem
664 2825 762 2888 etiam
781 2825 948 2909 actionem,
973 2848 1072 2909 quam
1090 2827 1184 2891 video

163 2913 280 2976 cotidie
304 2913 490 2976 faciliorem.
535 2912 584 2976 De
608 2911 780 2995 illuvione,
810 2914 963 2996 quoniam
991 2914 1027 2977 in
1054 2936 1090 2977 re
1113 2937 1185 2978 mec

162 3022 213 3064 me
236 3001 344 3082 ipsum
367 3000 535 3083 diligentia
557 3000 670 3084 vincis,
692 3022 743 3064 res
767 3001 808 3065 ad
830 2999 964 3065 centena
986 3002 1184 3084 perducitur.
1198 3029 1222 3068 co
1272 3065 1273 3068 ,

161 3087 270 3152 Ruina
297 3109 365 3152 rem
391 3109 457 3151 non
485 3088 561 3152 fecit
584 3088 788 3174 deteriorem,
815 3089 902 3153 haud
926 3089 992 3154 scio
1020 3111 1062 3154 an
1085 3092 1185 3155 etiem

162 3176 417 3240 fructuosiorem.
1272 3255 1273 3258 Ἴ

228 3263 291 3328 Hic
305 3285 430 3328 mecum
442 3261 574 3345 Balbus,
587 3261 726 3347 Hirtius,
739 3263 853 3330 Panse.
876 3263 974 3329 Modo
989 3266 1080 3330 venit
1090 3265 1185 3332 Octo·
1272 3319 1273 3346 ,

162 3350 234 3413 vius
242 3355 275 3414 ct
283 3351 412 3432 quidem
422 3351 457 3412 in
466 3350 647 3432 proximam
655 3350 767 3413 villam
780 3350 924 3435 Philippi
932 3353 1013 3416 mihi
1027 3357 1118 3418 totus
1132 3354 1184 3418 de·

162 3436 258 3500 ditus.
282 3437 439 3502 Lentulus
451 3435 605 3520 Spinther
613 3436 710 3500 hodie
720 3439 805 3520 opud
814 3461 873 3503 me.
893 3439 972 3504 Cres
982 3463 1075 3504 mene
1084 3443 1183 3507 vadit.
1198 3469 1221 3508 cs
1272 3497 1273 3524 ,
