2560 3880
262 149 518 204 EPISTULARUM
536 149 586 202 AD
605 147 768 204 ATTIOUM
786 150 850 204 XVI
869 157 893 218 6,
914 157 938 205 7.
1038 151 1103 215 503

91 296 130 356 ut
158 291 317 378 adessent,
343 314 465 377 rogare.
512 291 677 356 Summam
705 314 795 374 spem
817 293 1011 358 nuntiabant
1033 294 1104 358 fore

91 384 131 444 ut
162 380 325 444 Antonius
355 381 492 464 cederet,
523 403 575 444 res
608 381 804 464 conveniret,
835 381 940 445 nostri
966 380 1104 446 Romam

91 468 241 531 redirent.
286 467 456 533 Addebant
484 468 581 532 etiam
603 490 658 538 me¹
677 468 862 551 desiderari,
890 469 1101 534 subaccusari.

160 554 247 631 Quae
279 578 352 621 cum
379 557 552 642 audissem,
584 556 652 619 sine
680 556 746 620 ulla
773 556 973 621 dubitatione
1001 556 1101 621 abieci

63 645 264 708 sconsilium
282 645 501 728 profectionis,
523 666 588 727 quo
606 643 785 708 mehercule
804 666 844 707 11
862 649 955 708 antea
974 645 1102 727 quidem

93 732 281 796 delectabar.
317 731 423 796 Lectis
446 753 521 796 vero
540 733 606 795 tuis
624 732 742 796 litteris
761 732 936 796 admiratus
955 733 1137 815 equidema

93 842 166 884 sum
192 824 225 883 te
252 824 319 884 tam
350 820 554 884 vehementer
577 820 769 884 sententiam
793 824 1019 904 commutasse,
1047 821 1103 884 sed

91 930 159 972 non
188 909 257 972 sine
280 929 375 972 causa
398 908 585 972 arbitrabar.
631 907 718 992 Etsi,
746 908 891 990 quamvis
914 930 981 971 non
1002 908 1102 972 fueris

93 1017 207 1060 suasor
230 1000 263 1059 11
281 996 439 1079 impulsor
457 997 665 1079 profectionis
683 1018 782 1080 meae,
805 996 1000 1079 adprobator
1017 1000 1102 1060 certe

48 1108 77 1147 ro
92 1083 200 1168 fuisti,
227 1084 303 1146 dum
329 1085 424 1148 modo
447 1084 518 1147 Kal.
536 1082 602 1147 Ian.
621 1082 742 1148 Romae
765 1106 876 1148 essem.
922 1082 973 1148 Ita
995 1084 1103 1168 fiebat,

93 1175 140 1256 ut,
157 1171 233 1234 dum
251 1172 358 1235 minus
377 1172 511 1256 periculi
528 1172 698 1255 videretur,
718 1173 871 1256 abessem,
889 1172 923 1235 in
941 1171 1103 1236 flammam

91 1260 197 1343 ipsam
210 1260 359 1323 venirem.
393 1259 456 1324 Sed
472 1259 559 1346 11111,
572 1261 699 1324 etiamsi
715 1281 782 1323 non
798 1260 981 1343 prudenter,
994 1263 1103 1323 tamen

93 1347 275 1430 ἀνεμέσητα
303 1351 392 1433 sunt,
419 1349 558 1430 primum
586 1348 672 1430 quod
695 1347 733 1411 de
755 1369 827 1412 mea
850 1347 1008 1412 sententia
1032 1351 1103 1411 acta

94 1439 179 1518 sunt,
202 1435 328 1520 deinde,
358 1436 484 1499 etiamsi
507 1439 539 1500 te
563 1440 701 1518 auctore,
725 1435 802 1518 quid
824 1435 928 1519 debet,
951 1434 1008 1517 qui
1030 1457 1102 1499 con-

48 1523 201 1588 1111111111
234 1524 303 1608 dat,
334 1528 497 1606 praestare
529 1527 655 1606 praeter
686 1523 804 1587 fidem?
840 1521 925 1586 Illud
952 1523 1136 1587 admiraris

93 1611 173 1675 satis
196 1633 263 1675 non
285 1612 387 1695 potui,
410 1611 496 1694 quod
518 1611 676 1695 scripsisti
698 1610 749 1674 his
772 1611 893 1674 verbis:
922 1609 1020 1674 ‘Bene
1043 1610 1102 1695 igi-

91 1702 147 1762 tur
170 1703 216 1785 tn,
239 1699 295 1782 qui
318 1699 533 1782 1111111111,
555 1699 650 1763 bene!
677 1699 822 1781 relinque
844 1698 1003 1782 patriam?
1048 1699 1102 1762 An

93 1807 153 1872 ego
176 1786 397 1869 relinquebam
419 1791 474 1850 aut
497 1787 559 1850 tibi
578 1791 648 1850 tum
666 1787 845 1868 relinquere
863 1787 1016 1850 videbar?
1052 1786 1102 1849 Tu

92 1875 127 1938 id
158 1896 223 1938 non
251 1875 346 1939 modo
374 1897 441 1938 non
467 1874 652 1958 inhibebas,
683 1896 795 1937 verum
823 1873 920 1937 etiam
949 1874 1102 1956 adproba-

49 1987 77 2026 11
93 1963 161 2026 bas.
206 1957 372 2046 Graviora,
395 1984 477 2046 quae
499 1966 630 2026 restant.
672 1961 791 2026 ‘Velim
814 1966 949 2045 σχόλιον
972 1962 1102 2044 aliquod

93 2051 203 2114 elimes
231 2050 271 2114 ad
298 2073 349 2114 111
377 2050 558 2133 oportuisse
585 2053 618 2113 te
645 2049 729 2113 111111
751 2050 873 2113 facere?
919 2048 1024 2134 Itane,
1055 2051 1102 2114 mi

92 2138 223 2202 Attice?
246 2138 429 2202 defensione
447 2142 520 2222 eget
537 2160 644 2201 meum
661 2138 793 2223 factum,
810 2138 999 2220 praesertim
1017 2139 1103 2221 apud

93 2230 139 2309 te,
171 2227 227 2308 qui
258 2227 292 2289 id
322 2227 514 2291 mirabiliter
545 2225 753 2309 adprobasti?
789 2225 862 2310 Ego
894 2247 969 2289 vero
1001 2226 1102 2289 istum

93 2313 321 2397 ἀπολογισμὸν
343 2313 558 2397 συντᾶξομαι,
589 2314 645 2377 sed
667 2313 707 2377 ad
729 2335 840 2377 eorum
862 2314 1010 2397 aliquem,
1034 2314 1102 2397 qui-

50 2403 155 2466 asbus
173 2402 285 2466 invitis
305 2405 337 2466 et
356 2402 614 2466 dissuadentibus
632 2401 795 2484 profectus
814 2424 893 2465 sum.
932 2401 1006 2465 Etsi
1026 2402 1103 2484 quid

93 2490 159 2553 1111
182 2511 263 2572 opus
286 2494 336 2554 111
357 2490 501 2577 σχολίῳῗ
532 2489 560 2552 11
582 2511 848 2574 perseverassem,
875 2510 956 2571 opus
979 2489 1102 2553 fuisset.

94 2575 152 2640 ‘At
174 2577 236 2641 hoc
254 2577 361 2661 ipsum
378 2600 445 2642 non
463 2578 668 2641 constanter?
695 2575 799 2641 Nemo
819 2577 932 2640 doctus
950 2599 1104 2660 umquam

95 2663 213 2751 (multa
236 2669 343 2730 autem
366 2666 405 2728 de
427 2665 489 2730 hoo
510 2687 625 2750 genere
644 2665 765 2748 scripta
783 2662 872 2751 sunt)
891 2665 1103 2729 mutationem

93 2753 221 2817 consilii
238 2753 486 2818 inconstantiam
504 2753 586 2816 dixit
604 2774 681 2816 esse.
717 2751 875 2835 Deinceps
894 2752 1001 2837 igitur.
1012 2754 1103 2818 haec:
1121 2771 1139 2817 4

51 2866 79 2906 11
95 2839 206 2927 ‘Nam,
233 2841 260 2906 si
284 2863 302 2904 1
324 2839 469 2905 Phaedro
492 2845 604 2906 nostro
628 2841 744 2923 †esse,
772 2841 918 2924 expedita
940 2843 1102 2906 excusatio

95 2933 193 3012 esset3
225 2950 310 2993 nuno
341 2929 417 3011 quid
440 2927 704 3012 respondemus?
736 2928 825 3012 Ergo
849 2928 883 2991 id
906 2933 974 2992 erat
996 2951 1104 2993 meum

94 3018 231 3100 factum,
267 3018 354 3100 quod
382 3015 499 3080 Catoni
530 3017 666 3099 probare
697 3017 764 3079 non
797 3016 946 3099 possem?
987 3016 1103 3100 flagitii

95 3105 216 3168 scilicet
239 3105 370 3186 plenum
393 3108 425 3168 et
448 3104 619 3168 dedecoris.
655 3101 788 3168 Utinam
812 3127 830 3167 a
852 3105 958 3187 primo
976 3104 1023 3167 ita
1041 3105 1104 3167 tibi

95 3196 181 3256 esset
207 3191 326 3256 visuml
357 3196 394 3255 tu
422 3191 517 3277 mihi,
546 3192 630 3256 sicut
658 3213 727 3254 1111
750 3192 848 3276 11111,
873 3192 989 3254 fuisses
1013 3189 1103 3256 (lato.

51 3306 79 3350 35
94 3279 286 3343 Extremum
321 3280 402 3343 illud
438 3279 489 3343 vel
524 3279 800 3344 molestissimum:
851 3277 948 3342 ‘Nam
983 3278 1140 3343 Brutust

94 3371 205 3432 noster
233 3368 327 3450 silet',
355 3368 416 3431 hoc
445 3371 505 3430 est:
531 3389 599 3430 non
625 3367 721 3430 audet
747 3366 910 3430 hominem
932 3366 965 3429 id
988 3367 1104 3432 aetatis

94 3476 232 3520 monere.
278 3453 377 3518 Aliud
403 3454 486 3518 nihil
514 3454 631 3537 habeo,
659 3454 744 3536 quod
771 3475 810 3516 ex
837 3453 877 3516 iis
901 3476 920 3517 a
942 3457 975 3517 te
997 3454 1105 3520 verbis
