2616 3884
288 185 548 240 EPISTULARUM
566 186 616 240 AD
635 185 800 240 ATTICUM
818 186 857 239 IX
877 191 918 254 10,
939 191 980 240 11.
1076 185 1140 248 211

112 329 283 394 nihildum
311 329 349 393 de
371 330 478 394 reditu
502 327 649 394 Caesaris
674 330 873 393 audiebatur.
919 328 992 413 Ego
1015 329 1068 392 1111
1091 328 1144 392 lit·

115 419 214 519 teris,
229 418 293 519 hoc
320 421 429 482 tamen
451 419 587 504 profeci,
614 418 736 503 perlegi
760 439 870 482 omnes
893 421 968 481 tuas
992 421 1024 480 et
1048 418 1082 480 in
1106 438 1143 481 eo

117 527 278 589 acquievi
936 541 938 544 ·

605 680 661 745 XI.

84 812 100 854 5
271 802 328 859 Ser.
343 804 376 858 ia
395 796 548 858 Formiano
568 803 655 856 XIII
669 802 706 856 K.
722 802 792 872 Apr.
807 821 832 858 a.
849 807 905 859 705
925 807 992 872 (49).

429 925 576 981 CICERO
593 925 741 980 ATTICO
759 925 842 980 SAL.

188 1031 365 1098 Lentulum
392 1038 541 1098 nostrum
570 1034 633 1098 scis
656 1033 801 1098 Puteolis
826 1034 919 1098 esse?
956 1031 1048 1109 Quod
1072 1055 1144 1098 cum
1165 1051 1179 1101 1

119 1144 137 1186 e
166 1122 292 1186 viatore
320 1121 460 1205 quodam
488 1125 572 1186 esset
601 1122 759 1205 auditum,
789 1122 846 1205 qui
870 1143 904 1186 se
927 1121 1047 1186 diceret
1071 1144 1145 1188 eum

117 1211 156 1274 in
174 1209 291 1294 Appia,
314 1231 387 1273 cum
405 1209 433 1274 is
453 1211 586 1294 paulum
604 1210 752 1274 lecticam
772 1210 960 1294 aperuisset,
980 1231 1144 1296 cognosse,
1217 1269 1220 1273 .

69 1327 102 1366 ro
119 1298 185 1362 etsi
207 1300 263 1362 rix
286 1298 354 1361 veri
377 1299 495 1382 simile,
523 1298 598 1362 misi
621 1303 731 1362 tamen
753 1297 908 1362 Puteolos
930 1321 1056 1384 pueros,
1087 1300 1144 1384 qui

119 1387 393 1472 pervestigarent,
422 1390 454 1450 et
483 1386 523 1450 ad
550 1409 623 1450 eum
650 1387 785 1451 litteras.
831 1385 987 1451 Inventus
1016 1391 1066 1451 est
1089 1389 1144 1452 vix

119 1475 157 1538 in
188 1474 294 1538 hortis
327 1474 394 1538 suis
426 1495 459 1540 se
491 1475 655 1539 occultans
687 1475 879 1558 litterasque
907 1473 990 1538 mihi
1018 1475 1144 1540 remisit

118 1563 256 1626 mirifice
284 1563 406 1647 gratias
430 1583 529 1648 agens
554 1560 697 1646 Caesari,
729 1563 767 1626 de
792 1585 851 1626 suo
876 1565 983 1626 autem
1006 1563 1142 1628 consilio

120 1649 155 1716 C.
176 1649 289 1716 Caesio
312 1651 462 1714 mandata
486 1651 526 1714 ad
547 1673 599 1715 me
622 1651 755 1715 dedisse.
792 1650 880 1714 Eum
899 1671 958 1735 ego
976 1650 1073 1714 hodie
1092 1672 1144 1715 ex-

70 1765 102 1806 15
121 1739 317 1824 spectabam,
340 1739 372 1802 id
396 1743 446 1803 est
469 1757 533 1803 xm
555 1740 595 1804 K.
614 1739 754 1823 Apriles.

186 1826 287 1891 Venit
319 1827 416 1890 etiam
449 1827 490 1890 ad
520 1849 571 1891 me
594 1827 715 1891 Matius
740 1815 1011 1911 Quinquatribus,
1044 1826 1178 1892 hom02

118 1915 314 2000 mehercule,
340 1919 379 1978 ut
401 1915 482 1979 mihi
504 1916 594 1980 visus
618 1920 682 2000 est,
710 1919 907 1999 temperatus
932 1919 964 1978 et
987 1915 1142 2000 prudens,

119 2003 325 2068 existimatus
350 2003 479 2086 quidem
502 2008 551 2067 est
574 2025 699 2087 semper
722 2007 836 2067 auctor
858 2003 927 2067 otii.
965 2000 1069 2078 Quam
1085 2004 1142 2069 ille

43 2107 46 2112 ’
117 2090 180 2156 hoc
207 2112 276 2155 non
301 2092 438 2175 probare
465 2092 548 2156 1111111
575 2093 705 2176 quidem
727 2092 816 2156 visus
841 2094 903 2175 est,
932 2113 1029 2174 quam
1051 2091 1143 2160 illam

6 2175 8 2248 l
70 2208 103 2247 ao
119 2179 273 2264 νέκυιαν,
301 2183 338 2243 ut
366 2184 402 2243 tu
431 2180 589 2266 appellas,
616 2181 743 2245 timere!
779 2178 866 2244 Huic
895 2200 955 2264 ego
978 2179 1014 2243 in
1036 2180 1141 2246 multo

6 2287 8 2302 ²
120 2289 269 2332 sermone
292 2268 466 2351 epistulam
489 2268 602 2333 adme
627 2267 772 2333 Caesaris
796 2268 933 2352 ostendi,
956 2290 1027 2332 eam
1049 2269 1141 2334 cuius

118 2356 304 2439 exemplum
327 2357 368 2419 ad
390 2361 423 2420 te
446 2361 540 2420 antea
563 2357 651 2442 misi,
678 2357 864 2441 rogavique,
891 2359 928 2420 ut
951 2357 1141 2442 interpreta-

118 2448 225 2530 retur,
252 2444 331 2528 quid
353 2449 450 2528 esset,
474 2445 561 2528 quod
583 2445 639 2509 ille
663 2445 830 2530 scriberet,
855 2445 1035 2509 ‘consilio
1059 2468 1140 2511 meo

118 2555 159 2597 se
187 2533 247 2597 uti
269 2533 384 2618 velle,
412 2533 554 2618 gratia,
582 2533 793 2620 dignitate,
817 2555 886 2616 ope
913 2555 1038 2597 rerum
1067 2556 1141 2598 om-

71 2647 103 2689 ae
117 2621 246 2685 nium'.
287 2619 468 2704 Respondit
491 2643 525 2685 se
548 2643 614 2685 non
637 2621 799 2708 dubitare,
832 2621 911 2704 quin
934 2625 967 2684 11
991 2643 1085 2705 opem
1108 2626 1142 2687 11

119 2710 261 2794 gratiam
291 2731 395 2774 meam
422 2709 477 2773 ille
506 2710 547 2773 ad
573 2710 830 2793 pacificationem
854 2714 1029 2792 quaereret.
1070 2709 1142 2776 Uti-

117 2821 195 2863 nam
227 2797 359 2882 aliquod
390 2797 426 2861 in
455 2798 516 2861 hac
547 2799 678 2862 miseria
709 2799 756 2862 rei
788 2797 937 2881 publicae
968 2799 1143 2864 πολιτικὸν

119 2908 203 2970 opus
227 2886 352 2950 efficere
375 2890 407 2950 et
429 2907 547 2950 navare
569 2887 651 2951 mihi
673 2886 782 2950 liceat!
815 2886 937 2950 Matius
961 2886 1091 2970 quidem
1108 2890 1142 2952 11

118 2975 215 3038 illum
243 2975 279 3039 in
306 2997 343 3038 ea
372 2975 533 3039 sententia
561 2997 630 3040 esse
659 2974 841 3039 confidebat
864 2977 897 3038 et
921 2995 955 3038 sc
978 2979 1143 3039 auctorem

71 3089 105 3130 aa
119 3063 190 3130 fore
213 3062 437 3146 pollicebatur.
1136 3135 1137 3139 Ἰ
1172 3089 1174 3094 ’

187 3151 296 3215 Pridie
328 3156 437 3216 autem
470 3151 555 3234 apud
586 3173 637 3215 me
666 3149 833 3234 Crassipes
866 3151 986 3237 fuerat,
1018 3151 1076 3234 qui
1107 3167 1176 3216 113

118 3239 223 3322 pridie
255 3239 340 3305 Non.
369 3239 504 3304 Martias
536 3239 710 3303 Brundisio
747 3239 929 3323 profectum
963 3242 1062 3322 atque
1093 3237 1141 3304 ibi

117 3327 310 3412 Pompeium
348 3326 518 3411 reliquisse
554 3328 693 3413 dicebat,
730 3327 818 3411 quod
846 3327 957 3409 etiam,
995 3327 1050 3408 qui
1077 3343 1141 3400 vm

118 3415 197 3481 Idus
221 3416 311 3480 illinc
334 3417 470 3499 profecti
494 3420 595 3501 erant,
617 3416 825 3500 nuntiabant,
848 3415 906 3478 illa
923 3435 999 3478 vero
1020 3435 1141 3499 omnes,

71 3529 105 3573 aa
119 3505 156 3568 in
179 3504 297 3588 quibus
321 3505 420 3570 etiam
443 3501 619 3588 Crassipes,
650 3505 706 3587 qui
724 3525 785 3586 pro
808 3523 868 3567 suo
890 3501 1062 3584 prudentia
1084 3521 1140 3584 poa
