2560 3880
175 143 240 207 532
496 143 534 196 M.
553 141 661 197 TULLI
680 141 871 198 CICERONIS

667 285 706 349 X.

371 405 427 461 Ser.
442 406 547 461 Romae
564 407 632 461 ared.
647 424 681 460 m.
699 405 793 475 Quint.
809 424 834 460 a.
850 410 902 461 711
923 408 992 474 (43).

499 528 627 584 CICERO
646 527 768 583 BRUTO
788 527 863 583 SAL.
896 583 901 594 ,

140 655 154 702 1
241 635 358 702 Nullas
389 636 493 701 adhuc
522 640 596 700 ate
618 636 745 701 litteras
768 636 983 719 habebamus,
1010 658 1053 701 ne
1076 638 1189 702 famam

176 725 315 810 quidem,
339 747 420 809 quae
444 724 618 789 declararet
641 728 675 788 10
697 725 828 810 cognita
850 729 980 789 senatus
1000 727 1219 790 auctoritates

174 814 210 878 in
236 813 366 878 Italiam
389 812 543 877 adducere
566 813 755 897 exercitum3
784 812 870 896 quod
893 817 930 877 ut
953 814 1074 878 faceres
1099 813 1189 897 idque

174 905 367 985 maturares,
395 921 513 985 magno
545 922 641 985 opere
664 901 866 964 desiderabat
888 922 940 965 res
963 902 1102 984 publica.
1143 899 1189 964 11-

176 989 336 1074 gravescit
359 989 445 1053 01111
468 989 504 1052 in
521 989 589 1053 dios
609 989 801 1052 intestinum
820 988 951 1074 malum,
973 1011 1032 1053 nec
1052 989 1188 1053 externis

175 1076 327 1141 hostibus
350 1077 455 1160 magis
480 1098 576 1160 quam
600 1077 784 1141 domesticis
808 1077 1004 1163 laboramus,
1027 1078 1189 1161 quierant

177 1165 310 1229 omnino
330 1164 371 1228 ab
390 1164 486 1228 initio
505 1164 592 1247 belli,
608 1165 663 1228 sed
680 1165 807 1229 facilius
826 1165 1069 1249 frangebantur.
1098 1165 1189 1229 Erec
1200 1191 1219 1228 11

175 1253 241 1316 1101
272 1256 402 1316 senatus
437 1255 506 1316 erat
536 1275 603 1317 non
638 1253 806 1317 sententiis
835 1253 942 1318 solum
969 1253 1108 1337 1011111,
1139 1253 1190 1317 scd
1264 1297 1265 1300 κ

177 1340 274 1404 etiam
299 1340 579 1405 cohortationibus
603 1341 770 1405 excitatus.
811 1341 893 1405 Erat
917 1341 952 1406 in
975 1345 1091 1404 senatu
1115 1341 1189 1405 satis

176 1428 346 1493 vehemens
370 1433 402 1492 01
425 1450 497 1492 acer
518 1427 623 1492 Pansa
646 1451 719 1492 cum
741 1429 776 1492 in
799 1432 922 1493 ceteros
944 1428 1043 1492 huius
1067 1429 1188 1514 generis

176 1520 247 1581 tum
274 1516 413 1580 maxime
445 1517 480 1580 in
503 1538 663 1602 socerum,
692 1517 743 1581 cui
766 1517 891 1581 consuli
912 1539 979 1580 non
1002 1517 1129 1581 animus
1152 1517 1188 1580 ab

143 1603 283 1689 sinilia,
304 1627 371 1670 non
393 1604 473 1668 fides
498 1603 537 1668 ad
561 1609 741 1668 extremum
764 1605 874 1669 detuit.
910 1605 1038 1669 Bellum
1062 1606 1103 1668 ad
1125 1605 1189 1668 Mu·
1200 1631 1219 1670 1⁵

177 1693 279 1756 tinam
312 1692 497 1777 gerebatur,
529 1693 613 1756 nihil
644 1696 682 1756 ut
711 1693 745 1756 in
773 1690 907 1758 Caesare
937 1693 1189 1776 reprehenderes,

176 1801 243 1844 non
265 1780 355 1844 nulla
378 1780 413 1843 in
435 1779 555 1844 Hirtio.
599 1779 705 1845 Huius
729 1780 806 1844 belli
829 1781 960 1846 fortuna
984 1781 1043 1845 ‘ut
1071 1781 1112 1844 in
1139 1803 1189 1846 se-

176 1869 310 1932 cundis
333 1869 457 1952 fldxa,
480 1871 521 1931 ut
544 1869 584 1932 in
606 1865 782 1932 adversis
804 1869 926 1934 bona'.
971 1868 1054 1934 Erat
1077 1870 1189 1933 victrix

177 1978 228 2020 res
256 1956 386 2040 publica
409 1956 509 2020 caesis
533 1954 658 2020 Antoni
680 1957 790 2041 copiis,
814 1957 884 2040 ipso
908 1958 1051 2040 expulso.
1099 1957 1190 2022 Bruti

177 2043 289 2108 deinde
320 2045 367 2108 ita
399 2044 503 2108 multa
532 2048 675 2128 peccata,
703 2049 740 2108 ut
767 2045 907 2129 quodam
933 2045 1028 2110 modo
1058 2045 1220 2112 victoriaco

178 2133 337 2196 excideret
371 2153 388 2196 a
419 2132 578 2196 manibus.
632 2131 840 2220 Perterritos,
876 2133 1030 2219 inermes,
1068 2134 1189 2198 saucios

176 2241 241 2284 non
278 2224 354 2284 sunt
389 2220 494 2283 nostri
527 2220 622 2284 duces
654 2223 827 2307 persecuti,
863 2221 1039 2306 datumque
1072 2221 1190 2307 Lepido

177 2311 305 2391 tempus
333 2311 395 2392 est,
425 2309 461 2371 in
488 2329 552 2391 quo
581 2308 745 2372 levitatem
774 2309 842 2374 eius
873 2331 967 2394 saepe
993 2315 1192 2394 perspectam

177 2397 354 2459 maioribus
379 2396 413 2458 in
435 2396 530 2460 malis
554 2397 778 2479 experiremur.
817 2395 900 2460 Sunt
923 2397 1084 2464 exercitus
1107 2399 1192 2480 boni,

178 2483 233 2545 sed
256 2484 351 2546 rudes
375 2483 470 2548 Bruti
493 2488 526 2548 et
548 2483 668 2570 Planci,
692 2488 768 2548 sunt
791 2485 977 2550 fidelissima
1000 2490 1033 2550 01
1054 2487 1222 2550 maximas

141 2571 298 2634 3auxilia
322 2568 503 2656 Gallorum,
537 2572 593 2635 sed
615 2569 784 2637 Caesarem
811 2573 891 2636 meis
921 2573 1066 2638 consiliis
1092 2575 1192 2638 adhuc

177 2657 403 2741 gubernatum,
423 2659 586 2742 praeclara
605 2660 712 2742 ipsum
730 2660 837 2724 indole
855 2661 1105 2746 admirabilique
1123 2684 1193 2727 con-

179 2745 299 2809 stantia
340 2746 589 2831 improbissimis
630 2748 750 2812 litteris
792 2749 924 2832 quidam
960 2749 1192 2834 fallacibusque

177 2833 409 2917 interpretibus
438 2857 474 2899 ac
500 2835 624 2899 nuntiis
651 2835 851 2919 impulerunt
877 2838 912 2900 in
941 2859 1031 2921 spem
1055 2838 1193 2903 certissi-

176 2943 262 2984 mam
285 2922 480 2986 consulatus.
527 2922 619 2998 Quod
643 2923 739 2988 simul
763 2929 859 3010 atque
884 2926 978 3009 10111,
1005 2947 1111 3009 neque
1135 2946 1223 3010 egon

177 3008 269 3073 illum
303 3010 469 3073 absentem
496 3009 616 3074 litteris
648 3034 780 3076 monere
813 3013 923 3077 (1011111
954 3035 1013 3078 100
1044 3035 1192 3078 accusare

177 3102 362 3180 praesentes
386 3097 454 3160 eius
477 3100 690 3184 necessarios,
718 3100 773 3182 qui
796 3100 865 3164 eius
889 3101 1056 3184 cupiditati
1083 3103 1193 3166 suffra·

177 3186 248 3267 gari
270 3185 472 3270 videbantur,
499 3207 558 3249 100
581 3186 616 3250 in
640 3192 753 3251 senatu
776 3189 1100 3254 sceleratissimorum
1122 3213 1194 3254 con-

177 3271 325 3337 siliorum
347 3272 454 3337 fontes
479 3274 601 3357 aperire
625 3275 777 3339 dubitavi.
820 3275 888 3340 Nec
910 3299 986 3342 vero
1010 3277 1078 3342 ulla
1102 3279 1193 3342 inre

176 3359 309 3423 memini
333 3365 388 3424 aut
413 3365 559 3425 senatum
582 3362 747 3426 meliorem
770 3367 826 3426 aut
849 3365 1075 3449 magistratum
1103 3386 1224 3430 num-a

177 3466 274 3526 quam
297 3448 385 3542 enim
406 3448 439 3512 in
462 3447 585 3514 honore
610 3450 864 3515 extraordinario
887 3453 1032 3536 potentis
1050 3451 1193 3518 hominis
