2568 3888
29 156 30 163 ,
265 118 523 173 EPISTULARUM
541 119 591 172 ΑΙ)
609 118 774 174 ATTIOUM
790 120 829 174 III
849 125 890 192 15,
911 126 953 175 16.
1071 120 1114 184 89

29 196 30 235 ι

27 270 29 317 J
83 263 200 324 totam
221 261 350 326 ltaliam
368 262 449 327 mire
468 266 607 327 erectam
630 263 669 327 ad
692 285 744 327 me
767 263 998 328 defendendum
1019 263 1115 329 desti-

82 349 136 412 tui
163 353 203 413 et
229 350 358 436 reliqui,
381 371 446 435 me,
468 373 570 434 meos,
597 373 669 415 mea
693 351 811 416 tradidi
833 352 971 416 inimicis
993 352 1115 435 inspec-

82 440 184 500 tante
212 441 245 501 et
266 441 394 502 tacente
416 441 463 521 tc,
491 439 560 522 qui,
588 439 616 502 si
642 460 709 504 non
736 439 811 523 plus
832 441 963 524 ingenio
986 439 1114 504 valebas

84 546 194 608 quam
221 546 289 610 ege,
312 529 397 590 certe
420 525 557 591 timebas
580 526 702 610 minus,
726 529 755 591 si
776 531 879 611 potes,
902 528 989 612 erige
1012 527 1116 591 adflic-

57 617 140 677 stos
167 614 265 677 etin
287 635 325 678 eo
348 636 409 678 nos
431 613 519 698 iura3
552 615 604 678 sin
632 615 739 679 omnia
768 619 844 679 sunt
874 615 1052 701 obstructa,
1082 615 1116 678 id

83 701 207 784 ipsum
229 701 280 766 fac
302 705 340 766 ut
364 702 501 766 sciamus
525 706 558 766 et
579 723 640 766 nos
664 703 836 787 aliquando
865 707 921 768 aut
945 703 1116 788 obiurgare

84 792 146 853 aut
174 790 392 854 communiter
415 789 576 854 consolari
598 791 715 856 desine.
760 791 833 876 Ego
857 792 886 855 si
908 795 999 856 tuam
1019 790 1115 854 fidem

85 899 294 963 accusarem,
323 899 391 943 non
417 899 469 941 mc
495 877 703 961 potissimum
730 880 797 943 tuis
824 879 919 944 tectis
942 879 1115 964 crederem3

83 987 203 1030 meam
226 966 401 1030 amentiam
424 987 551 1052 accuso,
574 966 731 1050 quodme
753 970 828 1031 ate
854 971 983 1031 tantum
1005 967 1115 1052 amari,

47 1077 71 1116 ιι
85 1058 257 1137 quantum
279 1074 340 1139 ego
364 1054 493 1156 vellem,
521 1057 580 1137 put
566 1055 641 1119 t.avi
688 1053 780 1130 Quod
806 1055 835 1120 si
861 1055 991 1139 fuisset,
1018 1055 1115 1119 fidem

85 1143 241 1228 eandem,
263 1164 375 1206 euram
396 1142 552 1206 maiorem
575 1142 785 1228 adhibuisses,
806 1165 857 1208 me
880 1147 966 1208 certe
989 1143 1030 1206 ad
1052 1143 1116 1207 exi-

86 1230 182 1295 tium
203 1231 484 1332 ‘praecipitantem
513 1230 716 1315 retinuisscs,
747 1195 829 1296 istos
858 1231 1000 1315 labores,
1033 1252 1114 1315 quos

87 1319 236 1383 nuncin
247 1319 426 1404 naufragiis
440 1321 516 1382 nost
517 1318 563 1382 ris
577 1318 723 1404 suscipis,
745 1339 813 1383 non
826 1318 977 1384 subisses
1011 1318 1114 1394 Quare
1134 1334 1150 1382 8

88 1407 156 1490 sae,
179 1412 219 1472 ut
242 1407 351 1471 omnia
374 1407 488 1471 adme
511 1410 678 1491 perspecta
698 1410 731 1470 et
749 1407 916 1508 explorate
933 1407 1114 1491 perscribas

17 1569 18 1578 ἵ
49 1518 75 1558 ιι
89 1517 267 1579 meque,u
246 1495 401 1581 utfecis‚
422 1494 502 1559 velis
526 1515 596 1559 esse
619 1495 771 1580 aliquem,
794 1495 956 1578 quoniam,
980 1495 1036 1578 qui
1058 1494 1116 1577 fui,

17 1594 18 1618 ³
92 1587 127 1646 et
153 1583 212 1667 qui
236 1604 306 1647 esse
329 1583 436 1668 potui,
465 1583 530 1646 ism
560 1603 629 1647 esse
658 1603 725 1646 non
755 1603 902 1666 possum,
934 1585 967 1646 et
996 1586 1034 1645 ut
1062 1581 1114 1645 his

16 1713 17 1750 3
90 1670 218 1736 litteris
247 1692 316 1735 non
344 1674 392 1754 te,
424 1670 480 1734 sed
508 1691 559 1734 me
587 1671 696 1753 ipsum
719 1691 738 1734 a
759 1691 811 1735 me
834 1691 904 1734 esse
932 1673 1116 1734 accusatum

17 1769 18 1776 ’
92 1763 202 1860 putes
253 1757 290 1823 Si
322 1758 379 1842 qui
411 1761 518 1844 erunt,
551 1758 669 1842 quibus
701 1761 796 1840 putes
829 1778 910 1841 opus
942 1778 1012 1822 esse
1043 1777 1115 1820 meo

93 1847 234 1912 nomine
248 1846 376 1910 litteras
396 1846 473 1929 dari,
496 1846 594 1911 velim
611 1846 795 1911 conscribas
814 1866 969 1929 curesque
987 1843 1115 1908 dandas.

55 1931 490 2017 mmmmmr

563 2107 650 2173 XVI.

241 2229 299 2285 Scr.
321 2229 528 2285 Ἠιιιιαῑοιίιαε
546 2229 617 2284 XII
630 2229 668 2283 K.
688 2227 759 2297 sept.
779 2245 805 2284 a.
826 2231 882 2284 696
901 2232 971 2298 (58).

420 2350 549 2408 CICERO
568 2350 698 2407 ATTICO
719 2351 793 2405 SAL.

167 2461 287 2526 Totum
308 2461 372 2525 iter
391 2460 474 2524 mihi
495 2461 655 2525 incertum
678 2460 755 2524 facit
773 2459 971 2543 exspectatio
993 2459 1116 2524 littera·

57 2577 80 2617 ιι
93 2572 173 2614 rum
203 2553 385 2614 vestrarum
411 2549 483 2614 Kal.
513 2546 624 2612 Sextil.
653 2547 808 2612 datarum
853 2545 952 2630 Nam,
984 2548 1012 2611 si
1042 2569 1115 2630 spes

94 2637 175 2723 erit,
205 2635 359 2721 Epirum,
392 2637 420 2702 si
451 2636 573 2720 minus,
605 2632 757 2719 Cyzicum
789 2638 845 2699 aut
877 2635 965 2700 aliud
993 2634 1115 2719 aliquid

94 2746 277 2809 sequemur.
323 2724 412 2789 Tuae
443 2724 572 2808 quidem
602 2723 731 2788 litterae
762 2744 826 2806 quc
857 2723 985 2806 saepius
1015 2745 1034 2786 a
1063 2745 1115 2786 me

93 2813 267 2898 leguntur,
312 2812 375 2878 hoc
415 2834 505 2897 spem
540 2811 663 2876 faciunt
699 2810 780 2875 mihi
815 2811 987 2895 mincrcm3
1034 2832 1116 2894 quae

95 2923 171 2966 cum
193 2900 212 2942 ’¹‘
236 2900 255 2942 *
278 2899 339 2941 **
368 2900 469 2965 lectae
506 2903 596 2983 sunt,
629 2904 701 2963 tum
734 2899 780 2985 id,
817 2898 904 2982 quod
936 2901 984 2962 ιιι
955 2898 1115 2962 ttulerunt

58 3016 82 3056 ιι
96 2989 138 3053 ιιι
166 3010 294 3088 spemn
298 2989 478 3074 infirmant,
504 2991 543 3051 ut
564 2987 657 3052 facile
685 2951 838 3070 appaieat
860 2990 894 3050 te
917 2989 949 3050 et
972 2986 1115 3050 conscla-

95 3077 180 3142 tioni
210 3076 332 3141 servire
363 3081 396 3140 ct
427 3039 565 3140 veiitati.
614 3074 729 3159 Itaque
761 3079 794 3138 te
825 3094 919 3158 rogo,
951 3073 1046 3156 plane
1076 3078 1115 3137 ut

97 3165 137 3229 ad
158 3187 221 3250 me,
245 3185 327 3249 quae
350 3164 440 3249 scies,
463 3167 630 3249 uterum,
651 3185 732 3248 quae
750 3165 810 3246 put
796 3162 892 3249 tabis,
914 3162 961 3225 ita
984 3161 1113 3226 scribas.

95 3252 182 3318 Data
204 3268 258 3316 ιιι
281 3251 351 3316 Κιι
