2564 3880
194 185 262 248 474
519 184 680 240 11111111
700 144 895 248 crcrucius¹

687 416 726 481 X

268 537 325 594 Ser.
340 539 373 593 iu
393 537 550 592 Tusculano
569 537 643 592 Nure.
656 533 724 592 'Iwu
740 543 790 592 aut
804 535 940 606 postridie
958 555 984 590 a.
1000 539 1057 590 710
1076 537 1147 603 (44).

502 660 648 715 CICERO
665 659 812 714 ATTICO
831 659 914 714 SAL.

263 768 290 834 Ο
314 769 409 834 Bruti
431 772 577 833 amanter
596 769 733 852 scripta·
751 767 892 832 litteras!
916 790 935 833 ο
955 767 1107 851 iniquum
1126 771 1216 831 tuum

196 863 334 943 tempus,
357 858 414 942 qui
438 857 478 920 ad
501 878 575 921 eum
597 857 644 920 ire
665 878 733 920 non
756 857 874 939 possisl
912 855 985 940 Ego
1010 861 1121 920 autem
1140 855 1216 938 quid
1236 875 1260 950 cp

197 947 358 1011 scribam?
381 949 418 1009 ut
437 945 591 1009 beneficio
611 945 749 1009 istorum
766 945 924 1008 utantur?
947 944 1046 1028 ,Quid
1064 944 1215 1026 turpius?
1259 953 1260 962 ’

196 1034 243 1100 Ut
270 1035 447 1100 moliantur
476 1033 622 1116 aliquid?
659 1031 728 1097 Nec
757 1033 876 1097 audent
898 1054 957 1096 nec
979 1033 1044 1096 iam
1069 1035 1215 1115 possunt.

195 1121 276 1209 Age,
304 1123 471 1206 quiescant
499 1121 686 1185 auctoribus
715 1121 826 1206 nobis3
860 1121 931 1204 quis
958 1120 1215 1185 incolumitatem

196 1211 363 1294 praestat?
401 1207 436 1275 si
468 1231 544 1274 vero
576 1209 699 1293 aliquid
726 1210 765 1273 de
795 1209 929 1273 Decimo
958 1209 1104 1292 gravius,
1135 1230 1215 1292 quae

195 1299 318 1363 nostris
345 1298 427 1384 rita,
454 1297 582 1362 etiamsi
609 1319 703 1362 nemo
732 1298 889 1361 molestus
918 1297 984 1361 sit?
1016 1297 1113 1361 ludos
1141 1317 1243 1360 veron

195 1387 401 1450 nonfacere!
430 1385 509 1469 quid
531 1385 678 1450 foedius?
705 1385 903 1450 frumentum
926 1386 1106 1468 imponere!
1136 1407 1214 1468 quaa

196 1480 247 1540 est
270 1475 334 1539 alia
356 1474 472 1538 Dionis
494 1474 615 1558 legatio
640 1477 696 1537 aut
719 1473 806 1557 quod
828 1495 948 1537 munus
970 1474 1005 1538 iu
1028 1495 1063 1538 re
1086 1473 1214 1556 publicu

197 1564 379 1628 sordidius?
415 1561 552 1626 Prorsus
582 1563 712 1645 quidem
740 1561 875 1626 consilia
904 1562 965 1626 tali
994 1562 1088 1625 inre
1112 1562 1213 1626 neiis

196 1652 325 1735 quidem
347 1655 420 1716 tuta
444 1654 536 1736 sunt,
564 1650 620 1734 qui
643 1650 734 1732 dant3
766 1650 822 1714 sed
844 1651 967 1733 possim
989 1650 1023 1713 id
1043 1650 1214 1734 neglegere

196 1740 381 1825 proficiens3
418 1739 541 1802 frustra
572 1759 649 1802 vero
682 1739 737 1822 qui
770 1738 956 1822 ingrediar?
992 1737 1112 1802 Matris
1146 1757 1240 1802 con-u

196 1829 269 1892 silio
293 1851 366 1892 cum
390 1831 503 1890 utatur
525 1827 577 1890 rel
600 1826 698 1890 etiam
721 1827 880 1911 precibus,
904 1827 982 1910 quid
1004 1847 1057 1890 me
1075 1826 1213 1910 interpo-

195 1917 294 1980 nam?
318 1915 381 1980 Sed
399 1919 510 1979 tamen
528 1915 689 1999 cogitabO,
704 1936 768 1998 quc
788 1935 905 1998 genere
924 1918 999 1978 utar
1016 1914 1213 1996 litterarum

194 2026 270 2068 narn
300 2005 398 2070 silere
429 2025 497 2068 non
528 2025 670 2085 possum.
718 2002 837 2068 Statim
868 2003 971 2088 igitur
1002 2002 1137 2066 mittam
1168 2002 1214 2068 rel
1262 2073 1263 2088 ,

195 2091 333 2156 Antium
356 2093 408 2157 vel
431 2089 580 2156 Circeios.
1262 2099 1263 2122 i

675 2265 731 2331 XI.
1185 2255 1194 2279 ‘
1223 2287 1241 2326 ro

343 2387 399 2442 Ser.
414 2389 447 2441 ia
464 2388 579 2443 Antiati
596 2405 622 2442 a.
637 2388 664 2442 d.
684 2387 731 2442 VI
743 2388 788 2442 Id.
803 2387 869 2441 Iun.
885 2405 910 2443 a.
926 2391 982 2442 710
1001 2390 1071 2455 (44).

502 2510 647 2566 CICERO
664 2509 812 2565 ATTICO
831 2509 913 2565 SAL.

160 2636 175 2682 1
264 2616 400 2682 Antium
422 2619 497 2683 reni
520 2641 547 2682 a.
568 2618 596 2682 d.
615 2636 652 2682 ν]
671 2616 757 2683 Idus.
794 2617 897 2683 Bruto
922 2618 1080 2684 iucundus
1105 2622 1211 2682 noster

195 2705 361 2770 adventus.
392 2706 516 2770 Deinde
534 2705 647 2770 multis
667 2707 883 2792 audientibus,
901 2705 1048 2790 Servilia,
1061 2705 1212 2788 Tertulla,

194 2793 322 2879 Porcia,
351 2815 518 2878 quaerere,
551 2794 630 2878 quid
652 2794 801 2878 placeret.
848 2793 970 2859 Aderat
993 2794 1094 2858 ctiam
1117 2793 1239 2858 Fauo-u

194 2882 277 2946 nius.
325 2881 411 2966 Ego,
443 2883 529 2966 quod
552 2905 639 2948 eram
661 2882 836 2946 meditatus
859 2883 894 2946 in
916 2883 984 2968 ria,
1013 2881 1158 2968 suadere,
1179 2885 1211 2944 ut

194 2972 342 3034 uteretur
371 2968 517 3034 Asiatica
545 2971 712 3034 curatione
741 2971 909 3055 frumenti;
941 2969 1025 3036 nihil
1053 2992 1124 3034 asse
1152 2970 1211 3034 ianr

195 3058 326 3144 reliqui,
358 3057 444 3141 quod
475 3079 658 3142 ageremus,
689 3058 754 3122 nisi
781 3063 820 3122 ut
848 3060 956 3123 salvus
984 3062 1083 3142 esset,
1115 3058 1153 3121 in
1178 3079 1210 3121 eo

196 3147 295 3210 etiam
324 3145 388 3228 ipsi
418 3146 466 3209 rei
493 3146 640 3228 publicae
669 3167 738 3210 esse
765 3148 969 3230 praesidium.
1015 3145 1118 3222 Quam
1149 3169 1210 3210 ora·

195 3233 318 3297 tionem
342 3255 416 3296 curn
437 3234 605 3318 ingressus
629 3255 741 3318 essem,
765 3231 896 3299 Cassius
919 3234 1104 3300 intervenit.
1142 3234 1239 3317 Egon

196 3321 305 3384 eadem
337 3321 395 3385 illa
426 3321 572 3404 repetivi.
621 3320 693 3385 Hoc
724 3321 796 3386 loco
828 3323 969 3387 fortibus
1003 3343 1079 3386 sane
1114 3321 1208 3386 oeulis

196 3404 328 3472 Cassius
357 3408 511 3495 (Martem
539 3408 662 3491 spirare
691 3408 826 3496 diceres)
855 3432 889 3475 sa
917 3412 954 3475 in
977 3409 1121 3475 Siciliam
1149 3431 1209 3472 non

195 3494 327 3560 iturum.
378 3494 504 3581 ‘Egone
538 3500 575 3559 ut
607 3496 798 3560 beneficium
830 3499 1022 3582 recepissem
1053 3502 1210 3562 contume
