2564 3880
241 150 499 206 EPISTULARUM
517 153 566 206 AD
585 153 750 208 ATTIOUM
767 154 833 206 XIII
852 159 965 208 10—12.
1046 155 1111 218 401

91 295 288 376 faciendum,
315 299 352 360 ut
381 299 413 359 et
436 297 665 360 constituerem
688 297 885 361 mercedulas
908 297 1113 380 praediorum

93 387 126 447 et
157 404 199 446 ne
221 404 375 467 magnum
398 405 479 447 onus
505 384 726 449 observantiae
749 383 852 448 Bruto
875 389 987 449 nostro
1011 385 1113 467 impo-

92 493 212 534 nerem.
263 470 404 536 Posthac
441 472 526 536 enim
562 473 740 554 poterimus
778 473 976 536 commodius
1009 473 1113 536 colere

92 560 180 622 inter
211 579 272 622 nos
303 559 339 623 in
366 558 556 624 Tusculano,
607 559 679 624 Hoc
711 564 818 624 autem
851 564 1010 646 tempore,
1040 583 1113 624 cum

66 648 151 712 sille
180 667 233 710 me
263 647 380 711 cotidie
409 647 517 711 videre
548 648 660 733 vellet,
692 669 751 733 ego
785 648 825 712 ad
852 648 945 712 illum
972 649 1019 712 irc
1046 671 1113 712 non

93 757 238 820 possem,
264 734 454 818 privabatur
481 735 570 799 omni
600 735 812 800 delectatione
835 736 1017 801 Tusculani.
1063 736 1148 800 Tua

93 824 206 907 igitur,
232 823 260 887 si
281 821 417 887 Servilia
438 824 573 908 venerit,
596 825 624 886 si
642 823 764 888 Brutus
785 825 862 908 quid
886 825 997 909 egerit,
1016 824 1113 888 etiam

94 911 123 975 si
148 910 364 996 constituerit,
392 911 519 994 quando
544 911 682 996 obviam,
705 913 859 996 quicquid
883 913 1019 996 denique
1043 913 1114 997 erit,

95 999 183 1083 quod
206 998 288 1062 scire
310 1020 362 1062 me
388 1003 546 1083 oporteat,
574 1000 701 1064 scribes.
746 999 907 1085 Pisonem,
931 1001 959 1065 si
981 1000 1114 1084 poteris,

52 1113 79 1151 ιο
94 1087 274 1151 convenies.
324 1086 438 1172 Vides,
475 1109 574 1171 quam
604 1092 768 1152 maturum
802 1089 853 1153 sit.
905 1088 967 1153 Sed
997 1093 1115 1172 tamen,

94 1175 183 1258 quod
205 1174 373 1239 commodo
398 1178 456 1238 tuo
480 1176 546 1239 fiat.

568 1349 639 1415 XII.

238 1471 295 1526 Sor.
310 1471 342 1523 ia
360 1471 496 1538 Arpinati
518 1471 600 1525 VIII
614 1472 651 1525 K.
670 1471 763 1542 Quint.
779 1489 804 1526 a.
822 1475 877 1526 709
897 1476 965 1540 (45).

401 1593 546 1649 CICERO
563 1594 711 1648 ATTICO
728 1594 812 1649 SAL.

53 1729 79 1767 15
161 1702 264 1766 Valde
293 1723 345 1765 mc
371 1701 614 1766 momorderunt
644 1701 801 1786 epistulae
831 1706 906 1766 tuae
933 1702 971 1765 de
1000 1700 1145 1766 Atticar

93 1795 222 1876 nostra3
244 1790 373 1854 eaedem
394 1793 504 1853 tamen
528 1794 730 1854 sanavenurt.
767 1787 861 1864 Quod
884 1790 969 1853 enim
991 1790 1113 1872 teipso

95 1878 303 1943 consolabare
327 1876 446 1942 eisdam
468 1877 600 1960 litteris,
628 1878 661 1940 id
684 1877 766 1941 mihi
790 1882 859 1942 erat
881 1879 960 1941 satis
983 1879 1113 1942 firmum

94 1967 133 2030 ad
155 1966 338 2031 leniendam
361 1966 603 2050 aegritudinem.

159 2053 367 2138 Ligarianam
389 2053 550 2136 praeclare
568 2053 749 2117 vendidisti.
785 2053 936 2139 Posthac,
959 2053 1112 2139 quicquid
1131 2073 1147 2119 a

53 2169 80 2206 ao
94 2143 268 2229 scripsero,
296 2141 359 2206 tibi
386 2142 593 2224 praeconium
621 2141 770 2205 deferam.
818 2139 910 2216 Quod
938 2142 977 2206 ad
999 2164 1051 2206 me
1074 2142 1148 2207 dea

93 2230 242 2294 Varrone
270 2230 399 2314 scribis,
428 2230 489 2293 scis
517 2251 568 2293 me
596 2233 691 2293 antea
715 2228 877 2294 orationes
906 2234 962 2294 aut
990 2229 1113 2314 aliquid

93 2319 126 2382 id
149 2340 252 2403 genus
276 2318 409 2382 solitum
432 2317 580 2401 scribere,
604 2321 641 2381 ut
663 2316 844 2381 Varronem
861 2339 1023 2401 nusquam
1040 2339 1113 2400 pos-

94 2428 162 2471 sem
185 2407 337 2470 intexere.
378 2403 495 2468 Postea
513 2410 621 2470 autem
645 2427 742 2489 quam
764 2405 843 2468 hacc
866 2406 956 2489 coepi
979 2410 1114 2489 φιλολο-

93 2496 237 2579 γώτερα,
264 2494 330 2557 iam
348 2492 453 2557 Varro
481 2493 562 2556 mihi
590 2493 834 2556 denuntiaverat
859 2514 1022 2577 magnam,
1037 2515 1113 2558 sane

54 2607 80 2647 aa
94 2587 126 2646 et
160 2603 288 2664 gravem
322 2582 567 2665 προςφώνησιν.
619 2580 790 2646 Biennium
823 2582 1005 2666 praeteriit,
1040 2604 1113 2646 cum

93 2671 405 2752 inenarrandae
433 2669 566 2732 adsiduo
594 2690 691 2732 cursu
718 2669 865 2732 cubitum
891 2670 1018 2733 nullum
1041 2691 1113 2753 pro·

94 2762 247 2840 cesserat,
283 2768 343 2842 ego
379 2761 487 2820 autem
521 2778 572 2820 me
601 2755 756 2840 parabam
788 2757 828 2820 ad
860 2756 907 2840 id,
943 2757 1029 2840 quod
1058 2758 1114 2822 ille

93 2845 176 2911 mibi
199 2845 351 2929 misisset,
365 2849 401 2908 ut
426 2845 527 2932 ‘adipi
550 2852 596 2931 τῷ
619 2843 727 2931 μέτρῳ
752 2843 807 2908 καὶ
831 2845 955 2927 λώϊον’,
971 2845 999 2908 si
1018 2846 1114 2909 modo

94 2933 282 3017 potuissem.
328 2931 414 2997 Nam
442 2932 504 2996 hoc
527 2933 624 2996 etiam
647 2931 810 2995 Hesiodus
834 2933 977 3016 ascribit,
1009 2933 1059 2997 ‘al
1077 2957 1115 2998 κε

55 3047 81 3086 ao
95 3023 138 3086 δύ
182 3023 238 3086 αι’.

139 3046 257 3173 wiltune
283 3109 374 3172 illam
400 3105 477 3193 περὶ
506 3113 610 3173 τελῶν
638 3105 798 3184 σύνταξιν
825 3129 901 3171 sane
928 3107 1009 3170 mihi
1041 3129 1114 3189 pro-

93 3197 206 3262 batam
236 3197 355 3281 Bruto,
395 3200 432 3258 ut
464 3195 527 3258 tibi
560 3195 696 3280 placuit,
738 3195 980 3279 despondimus,
1017 3194 1114 3278 idque

94 3307 168 3350 eum
195 3307 262 3349 non
286 3284 374 3348 nolle
396 3282 477 3347 mihi
502 3283 671 3366 scripsisti.
718 3282 809 3368 Ergo
832 3283 923 3346 illam
942 3281 1115 3364 Ἀκαδημι-

93 3376 171 3456 κήν,
202 3374 237 3436 in
267 3394 331 3456 qua
357 3371 505 3435 homines
532 3371 659 3435 nobiles
689 3371 739 3433 illi
768 3370 910 3454 quidem,
940 3370 996 3433 sed
1022 3369 1113 3433 nullo

55 3461 190 3526 amodo
217 3459 377 3544 philologi
403 3459 502 3524 nimis
530 3463 622 3524 acuta
650 3460 843 3543 loquuntur,
871 3457 911 3520 ad
933 3456 1115 3521 Varronem

150 3573 197 3614 (111.
211 3574 277 3622 epia.
291 3573 323 3613 11.
917 3563 953 3610 26
