2616 3884
167 137 233 200 200
487 135 523 190 M.
543 134 650 188 TULLI
668 133 856 190 CICERONIS

167 279 288 343 bonum
310 282 420 362 putas,
446 300 503 362 per
527 300 622 361 quem
644 278 713 342 sine
736 277 870 360 imperio
894 277 1075 359 provinciae
1099 280 1184 341 sunt

168 365 362 453 (numquam
393 367 479 430 enim
507 363 604 430 Curio
638 366 859 450 sustinuisset,
891 365 920 428 si
952 387 1024 429 cum
1056 387 1092 428 eo
1121 366 1182 450 agi

168 459 316 538 coeptum
340 458 438 538 esset3
462 476 558 537 quam
582 455 774 518 sententiam
793 457 923 517 senatus
948 453 1038 537 sequi
1055 453 1182 537 noluit3
1297 459 1298 514 ὲ

167 565 206 607 ex
230 564 293 626 quo
316 543 437 606 factum
460 546 522 626 est,
549 545 585 605 ut
610 540 737 605 Caesari
763 563 829 606 non
857 539 1111 626 succederetur),
1133 563 1181 604 an
1297 537 1298 574 ³

167 631 366 715 publicanos,
388 631 445 714 qui
466 652 642 713 numquam
659 629 754 715 firmi,
777 629 831 692 sed
848 651 933 693 nunc
952 628 1078 693 Caesari
1098 633 1179 696 sunt
1210 656 1226 696 5
1297 693 1298 700 ,

168 719 362 804 amicissimi,
390 740 431 782 an
453 718 668 782 faeneratores
691 738 733 781 an
756 717 922 802 agricolas,
944 717 1062 800 quibus
1085 721 1180 800 opta-

167 807 330 871 tissimum
357 810 407 870 ost
434 805 558 870 otium?
592 806 655 868 nisi
684 827 739 870 eos
766 807 879 868 timere
905 809 1015 890 putas,
1045 826 1085 868 ne
1114 805 1178 868 sub

167 914 266 979 regno
291 895 366 980 sint,
389 894 444 977 qui
467 894 500 956 id
521 915 706 978 numquam,
728 893 804 957 dum
821 893 916 957 modo
938 893 1037 957 otiosi
1059 896 1181 977 essent,

133 999 149 1046 o
168 984 363 1046 recusarunt.
391 980 474 1056 Quid
493 981 590 1065 ergo?
614 981 788 1044 exereitum
805 981 984 1064 retinentis,
1002 1002 1074 1044 cum
1092 980 1179 1064 legis

169 1070 235 1133 dies
258 1069 432 1154 transierit,
454 1069 611 1133 rationem
633 1069 746 1133 haberi
767 1069 894 1152 placet?
934 1068 1018 1132 Mihi
1038 1089 1223 1135 veronam
1297 1103 1298 1108 ¹

169 1158 310 1221 absentis
339 1157 479 1240 quidem3
509 1157 577 1241 sed,
608 1179 680 1220 eum
706 1157 739 1220 id
767 1157 877 1221 datum
905 1160 968 1240 est,
997 1155 1080 1220 illud
1110 1178 1178 1219 una

168 1245 279 1309 datum
307 1249 364 1308 est.
409 1243 578 1308 Annorum
605 1246 690 1309 enim
722 1245 829 1308 decem
860 1245 1031 1328 imperium
1063 1248 1095 1307 et
1127 1245 1178 1308 ita
1297 1261 1298 1264 ’

167 1332 270 1396 latum
300 1333 424 1416 placet?
469 1332 578 1396 Placet
609 1333 710 1416 igitur
743 1333 840 1396 etiam
866 1355 917 1396 me
946 1332 1115 1414 expulsum
1143 1335 1178 1395 et
1297 1357 1298 1362 ¹

169 1441 281 1504 agrum
304 1419 502 1504 Campanum
533 1421 655 1504 perisse
683 1424 715 1484 et
743 1421 931 1504 adoptatum
957 1420 1129 1503 patricium
1158 1441 1178 1482 a

167 1508 308 1594 plebeio,
335 1507 529 1572 Gaditanum
552 1532 570 1572 a
592 1508 801 1593 Mytilenaeo,
828 1511 860 1571 et
882 1507 1017 1572 Labieni
1045 1507 1177 1571 divitiae
1191 1533 1218 1574 15
1297 1571 1298 1576 ,

168 1600 200 1660 et
222 1596 403 1661 Mamurrae
431 1597 557 1680 placent
590 1600 622 1660 et
648 1595 743 1659 Balbi
773 1596 862 1660 horti
895 1600 927 1661 et
950 1595 1176 1659 Tusculanum.

169 1683 231 1749 Sed
258 1684 374 1749 horum
404 1685 547 1748 omnium
579 1684 652 1748 fons
684 1705 767 1747 unus
801 1688 857 1748 est.
903 1682 1068 1748 Imbecillo
1099 1683 1176 1747 resi-

169 1773 317 1837 stendum
340 1772 414 1857 suit,
435 1776 467 1836 et
486 1773 519 1836 id
537 1776 606 1835 erat
624 1771 728 1856 facile3
751 1793 836 1835 nunc
857 1771 1000 1856 legiones
1018 1789 1065 1856 XI,
1089 1771 1176 1853 equi-

168 1865 255 1924 tatus
293 1864 419 1945 tantus,
456 1863 612 1943 quantum
647 1859 748 1944 volet,
789 1859 1025 1944 Transpadani,
1065 1858 1174 1942 plebes

168 1948 306 2033 urbana,
338 1952 388 2012 tot
414 1949 538 2012 tribuni
565 1948 622 2032 pl,
652 1951 720 2011 tam
746 1947 871 2030 perdita
892 1948 1057 2030 iuventus,
1083 1949 1175 2009 tanta
1189 1974 1216 2012 ao

169 2037 359 2100 auctoritate
386 2035 463 2119 dux,
494 2039 586 2099 tanta
614 2035 751 2099 audacia.
798 2033 880 2100 Cum
907 2035 969 2100 hoc
996 2037 1052 2098 aut
1080 2034 1175 2116 depu-

134 2123 331 2206 tgnandum
358 2127 408 2187 est
435 2127 491 2188 aut
518 2123 663 2187 habenda
690 2145 707 2187 e
736 2123 808 2207 lege
837 2123 929 2187 ratio.
976 2121 1175 2206 ‘Depugna',

168 2211 285 2295 inquis,
308 2210 543 2294 ‘potiusquam
567 2211 705 2275 servias?
743 2210 789 2274 Ut
813 2211 910 2294 quid?
935 2211 962 2274 si
980 2210 1084 2273 victus
1102 2211 1175 2293 eris,

168 2298 380 2382 proscribare,
413 2299 440 2362 si
467 2299 595 2384 viceris,
622 2302 729 2362 tamen
756 2299 897 2363 servias?
944 2297 1044 2374 ‘Quid
1071 2297 1174 2384 ergo’,
1297 2357 1298 2364 ,

166 2386 288 2472 inquis,
311 2385 470 2450 ‘facturus
494 2387 561 2450 es?'
606 2385 694 2450 Idem
718 2386 804 2469 quod
826 2387 975 2470 pecudes,
1003 2407 1084 2469 quae
1112 2385 1211 2456 dis-‚25

166 2475 278 2557 pulsae
301 2473 351 2536 sui
373 2474 498 2557 generis
522 2479 701 2557 sequuntur
723 2495 845 2558 greges.
882 2473 929 2538 Ut
952 2474 1010 2537 bos
1030 2477 1173 2537 armenta

169 2561 215 2624 sic
238 2581 296 2645 ego
320 2562 422 2625 bonos
441 2561 527 2627 viros
547 2566 603 2625 aut
622 2584 686 2647 eos,
709 2562 901 2645 quicumque
920 2561 1065 2626 dicentur
1088 2561 1172 2645 boni,

168 2670 297 2734 sequar,
324 2649 450 2713 etiamsi
476 2654 578 2714 ruent.
625 2649 708 2725 Quid
735 2651 778 2713 sit
806 2654 975 2733 optumum
998 2647 1080 2712 male
1103 2669 1171 2712 con-

167 2737 278 2800 tractis
301 2737 407 2821 rebus,
429 2737 523 2821 plane
546 2738 646 2802 video.
691 2735 822 2801 Nemini
845 2742 895 2801 est
923 2738 1008 2802 enim
1031 2736 1171 2820 explora·

166 2827 249 2908 tum,
277 2847 348 2888 eum
372 2825 411 2888 ad
434 2847 522 2889 arma
544 2829 677 2889 ventum
700 2826 757 2910 sit,
785 2826 862 2909 quid
884 2825 1031 2889 futurum
1055 2824 1111 2908 sit,
1140 2828 1208 2891 atcc
1297 2829 1298 2884 ἒ

165 2912 246 2976 illud
270 2912 432 2997 omnibus,
459 2913 487 2975 si
514 2913 591 2976 boni
613 2914 691 2977 victi
715 2913 794 2998 sint,
820 2935 879 2977 nec
907 2913 941 2976 in
969 2912 1061 2976 caede
1088 2911 1171 2995 prin-
1297 2943 1298 2956 ¹

166 3000 273 3083 cipum
303 3001 539 3064 clementiorem
570 2999 655 3064 hunc
685 3002 766 3085 fore,
804 3023 900 3084 quam
932 2998 1036 3065 Cinna
1067 3000 1170 3084 flierit,

165 3108 224 3152 nec
253 3089 513 3174 moderatiorem,
545 3109 640 3171 quam
669 3087 771 3173 Sulla,
803 3091 838 3153 in
864 3089 1009 3172 pecuniis
1037 3087 1170 3171 locuple·
1296 3131 1298 3158 ⁴

165 3180 243 3239 tum.
294 3177 589 3261 Συμπολιτεύομαί
622 3193 675 3241 σοι
715 3177 779 3240 iam
815 3177 935 3240 dudum
969 3181 1001 3240 et
1038 3177 1170 3240 facerem

165 3263 295 3350 diutius,
317 3265 381 3328 nisi
404 3286 455 3328 me
477 3265 605 3328 lucerna
627 3265 792 3329 desereret.
829 3264 880 3327 Ad
903 3287 1066 3329 summam
1089 3263 1205 3348 ‘D1c,as

164 3351 207 3416 M.
231 3352 361 3454 sllvnm’.
407 3351 579 3417 Adsentior
607 3349 663 3417 Cn.
689 3352 856 3437 Pompeio,
886 3352 919 3416 id
950 3356 999 3416 est
1022 3351 1057 3416 Τ.
1080 3351 1169 3416 Pom·

164 3462 271 3523 pomo.
396 3499 398 3506 Α
