2616 3884
364 946 423 1030 M.
447 947 639 1030 TULLI
663 944 1003 1030 CICERONIS

311 1122 695 1198 EPISTULARUM
722 1120 792 1194 11)
821 1120 1062 1224 arricum

530 1293 664 1360 LIBER
686 1291 844 1360 NONUS.

673 1592 697 1658 I.

307 1716 364 1774 Ser.
378 1719 411 1772 ἐπ
430 1715 582 1771 Formiano
596 1716 672 1784 prid.
687 1714 761 1770 Non.
777 1714 865 1769 Mart.
880 1731 906 1768 c.
922 1717 977 1771 705
997 1716 1066 1782 (49).
1222 1724 1235 1764 a
1294 1715 1295 1770 l

500 1836 627 1893 CICERO
646 1835 778 1892 ATTICO
798 1837 872 1892 SAL.

144 1963 158 2012 1
245 1948 329 2032 Etsi,
361 1969 434 2012 cum
465 1950 503 2010 tu
534 1946 593 2010 has
620 1945 746 2009 litteras
773 1944 910 2030 legeres,
940 1945 1096 2029 putabam
1122 1946 1194 2010 fore
1295 1939 1296 1956 ²

179 2041 216 2101 ut
244 2037 359 2101 scirem
385 2036 464 2119 iarn,
488 2034 565 2118 quid
592 2032 745 2097 Brundisi
772 2037 880 2097 actum
906 2037 989 2098 esset
1016 2030 1106 2119 (nam
1134 2031 1194 2098 Ca-

178 2125 274 2188 nusio
306 2140 383 2187 vnn
410 2122 482 2186 Kal.
508 2123 672 2205 profectus
705 2125 774 2185 erat
802 2119 942 2206 Gnaeus,
973 2121 1052 2185 haec
1084 2125 1193 2186 autem

180 2211 359 2276 scribebam
385 2209 487 2294 pridie
510 2208 622 2274 Nonas
648 2226 726 2273 xn11
748 2208 798 2273 die
820 2213 909 2293 post,
937 2230 1032 2292 quarn
1054 2209 1110 2272 ille
1133 2207 1193 2274 Ca·
1207 2235 1234 2274 ιο

178 2299 273 2363 nusio
303 2300 477 2383 moverat),
506 2302 615 2361 tamen
642 2297 783 2381 angebar
810 2297 1011 2381 singularum
1037 2297 1194 2362 horarum

180 2386 418 2471 exspectatione
435 2385 639 2469 mirabarque
656 2385 740 2448 nihil
758 2384 892 2448 allatum
911 2406 980 2449 esse
996 2406 1037 2449 nc
1051 2386 1193 2450 rumoris

180 2475 322 2559 quidem,
343 2496 419 2538 nam
442 2476 511 2538 erat
532 2473 651 2538 mirum
669 2472 842 2537 silentium.
880 2470 942 2537 Sed
959 2471 1036 2537 haec
1053 2474 1194 2538 fortasse

178 2563 387 2627 κενόσπουὸα
405 2566 490 2647 sunt,
515 2582 597 2645 quae
614 2565 723 2625 tamen
739 2561 804 2625 iam
822 2561 965 2625 sciantur
981 2582 1109 2625 necesse
1127 2565 1193 2646 est,

144 2667 160 2714 2
180 2649 260 2714 illud
288 2650 474 2734 molestum,
500 2671 551 2713 me
578 2649 681 2713 adhuc
702 2648 897 2733 investigare
918 2670 986 2712 non
1006 2670 1111 2734 posse,
1133 2649 1193 2715 ubi
1207 2674 1233 2716 ra

178 2737 213 2803 Ρ.
232 2737 388 2801 Lentulus
411 2742 522 2802 noster
545 2737 615 2822 sit,¹
629 2736 686 2800 ubi
708 2735 882 2801 Domitius,
928 2735 1052 2811 Quaero
1075 2740 1198 2821 autem,

180 2847 244 2909 quo
267 2825 394 2889 facilius
418 2826 498 2889 scire
521 2825 656 2908 possim,
685 2825 763 2907 quid
786 2824 888 2889 acturi
911 2824 987 2910 sint,
1009 2824 1129 2889 iturine
1152 2826 1194 2889 ad

179 2912 368 2996 Pompeium
391 2917 432 2996 et,
456 2913 484 2975 si
507 2916 592 2995 sunt,
616 2934 679 2995 qua
702 2912 868 2996 quandove
890 2912 970 2976 ituri
992 2912 1065 2977 sint.

248 2999 368 3066 Urbem
385 3000 514 3084 quidem
532 3000 597 3064 iam
615 3001 767 3064 refertam
785 3021 853 3064 esse
868 2999 1073 3083 optimatium
1086 3001 1194 3084 audi0,

180 3087 310 3153 Sosium
337 3093 370 3152 et
392 3088 533 3172 Lupum,
561 3109 643 3172 quos
666 3086 794 3153 Gnaeus
821 3091 932 3152 noster
959 3092 1033 3153 ante
1055 3088 1194 3172 putabat
1207 3114 1234 3154 eo

179 3177 389 3242 Brundisium
415 3180 568 3242 venturos
591 3197 660 3241 esse
684 3198 780 3259 quam
803 3197 851 3263 se,
877 3176 927 3240 ius
950 3175 1062 3242 dicere.
1106 3176 1194 3242 Hinc

180 3286 255 3330 vero
283 3265 382 3350 vulgo
408 3263 542 3349 vadunt,
575 3264 672 3328 ctiam
695 3263 745 3327 Μ’.
765 3262 919 3348 Lepidus,
947 3286 1086 3348 quocum
1108 3264 1195 3329 diem

145 3371 160 3418 3
180 3356 343 3418 conterere
367 3351 518 3438 solebam,
540 3373 609 3416 cras
632 3351 805 3434 cogitabat.
841 3349 911 3416 Nos
934 3355 1042 3416 autem
1063 3352 1098 3416 in
1116 3351 1195 3417 For-

180 3442 288 3506 miano
309 3440 524 3524 morabamur,
546 3459 609 3523 quo
633 3439 728 3502 citius
752 3438 946 3525 audiremus,
969 3439 1081 3504 deinde
1099 3438 1196 3524 Arpi-
