2586 3886
269 114 526 192 rersrumeon
545 138 595 192 ιιι
614 136 779 192 irrisuri
796 137 836 190 ιιι
854 143 896 206 re,
917 143 958 193 ιι,
1079 139 1121 203 97

87 280 147 344 Τιι
172 280 219 344 ad
242 301 293 344 mc
316 280 414 345 velim
441 281 598 365 proximis
626 281 759 363 litteris,
787 283 824 343 ιιι
852 301 885 344 se
912 280 1006 344 initia
1034 281 1123 346 dede-

86 369 176 453 rint,
203 369 395 452 perscribas.
441 369 526 433 Data
553 369 656 453 pridie
679 367 750 432 Kal.
774 367 938 432 Deccmbr.

557 543 675 608 XXIV.

293 663 351 719 Sor.
371 664 514 734 Dyrrachi
531 665 582 720 IV
596 665 641 718 Id.
660 665 726 720 Dec.
747 683 771 719 a.
792 669 849 719 696
868 667 939 733 (58).

65 799 77 838 ιι
428 785 556 841 CICERO
575 785 708 840 ATTICO
729 787 803 842 SAL.

169 893 293 980 Antea,
323 917 421 978 quom
451 896 491 958 ad
518 917 571 960 me
599 895 808 979 scripsissetis
831 899 940 961 vestro
963 913 1155 962 consensur

95 984 275 1048 consulum
297 983 478 1067 provincias
503 987 632 1048 ornatas
656 1006 738 1070 esse,
765 984 828 1049 etsi
855 984 1000 1068 verebar,
1028 1005 1122 1067 quor-

97 1094 179 1136 sum
208 1072 242 1135 id
271 1093 421 1135 casurum
450 1075 548 1158 esset,
577 1077 686 1136 tamen
716 1072 884 1155 sperabam
913 1094 970 1137 vos
1000 1071 1122 1156 aliquid

99 1159 280 1244 aliquando
304 1159 422 1224 vidisse
443 1159 646 1244 prudentius,
668 1165 879 1244 posteaquam
900 1160 981 1224 mihi
1004 1164 1036 1224 et
1059 1160 1122 1225 dic-

58 1277 85 1314 10
100 1253 179 1312 tum
209 1251 260 1311 est
290 1250 323 1311 et
357 1248 456 1331 script
458 1271 510 1310 um
542 1248 709 1312 vehement
695 1250 745 1312 ter
779 1248 949 1313 consilium
978 1252 1122 1313 vestrum

101 1335 306 1436 reprehendi,
326 1357 397 1400 sum
416 1335 558 1420 graviter
576 1339 715 1400 commot
717 1358 765 1423 us,
783 1336 869 1420 quod
887 1336 971 1400 illa
962 1358 1033 1420 ipsa
1048 1358 1120 1421 spes

103 1424 239 1509 exigua,
270 1445 350 1507 quae
378 1429 460 1509 erat,
432 1423 612 1488 drideret
598 1427 653 1487 tur
682 1445 751 1488 esse
782 1424 916 1489 sublata.
966 1423 1065 1510 Nam,
1094 1425 1122 1488 si

104 1512 233 1575 tribuni
260 1512 303 1595 pl.
324 1511 421 1576 nobis
451 1515 649 1597 suscensent,
680 1534 762 1595 quae
791 1515 900 1595 potest
929 1533 1001 1595 spes
1031 1477 1121 1576 eise?

106 1599 156 1664 Ac
178 1599 289 1664 vident
275 1603 329 1663 tur
351 1599 420 1664 iure
444 1622 641 1685 suscensere,
667 1621 785 1664 cume
768 1603 800 1663 et
824 1603 970 1683 expertes
995 1600 1121 1663 consilii

67 1715 93 1756 ιι
108 1688 231 1752 fuerint
254 1689 293 1772 ei,
316 1689 372 1771 qui
395 1710 524 1752 causam
546 1692 690 1752 nostram
714 1690 932 1772 susceperant,
956 1689 988 1751 et
1010 1691 1123 1750 nostra

109 1776 314 1840 concessione
338 1797 465 1840 omnem
483 1777 550 1840 vim
569 1776 619 1840 sui
636 1776 717 1840 iuris
735 1774 910 1860 amiserint,
933 1774 1123 1858 praesertim

108 1887 183 1928 cum
204 1864 253 1927 ita
275 1863 449 1950 dicantes
471 1868 584 1928 nostra
603 1886 697 1934 causa
714 1863 854 1928 voluisse
875 1884 966 1927 suam
983 1865 1123 1946 potesta-

109 1957 176 2016 tem
200 1973 268 2016 esse
291 1952 329 2016 de
352 1953 538 2017 consulibus
562 1952 725 2051 ornandis,
751 1974 818 2016 non
844 1954 882 2015 ιιι
909 1972 964 2015 eos
991 1950 1123 2033 impedi-

109 2043 196 2126 rent,
230 2040 285 2105 sed
311 2043 349 2104 ιιι
376 2041 416 2105 ad
442 2045 518 2105 nost
519 2063 589 2104 ram
615 2062 744 2104 causam
771 2040 994 2124 adiungerent,
1029 2061 1123 2123 nunc,

18 2149 19 2168 ι
72 2156 97 2194 aa
110 2129 139 2192 si
168 2128 314 2192 consules
344 2151 363 2192 a
391 2129 486 2193 nobis
521 2129 689 2193 alieniores
724 2150 793 2192 esse
822 2127 937 2212 velint,
966 2148 1061 2211 posse
1090 2091 1124 2190 id

109 2216 211 2280 libere
234 2217 351 2300 facere3
382 2217 433 2281 sin
450 2217 552 2282 velint
538 2221 693 2281 tnostra
722 2238 830 2299 causa,
859 2215 943 2280 nihil
971 2237 1066 2300 posse
1089 2237 1122 2280 se

110 2304 230 2368 invitis.
275 2303 375 2391 Nam,
408 2306 495 2389 quod
524 2305 650 2391 scribis,
678 2304 714 2368 ni
742 2305 789 2368 ita
818 2304 911 2369 vobis
940 2303 1124 2389 placuisset,

110 2392 185 2456 illos
206 2392 269 2456 hoc
291 2392 376 2457 idem
398 2415 456 2477 per
478 2393 634 2476 populum
655 2393 861 2457 adsecuturos
880 2392 990 2478 fuisse,
1011 2392 1123 2456 invitis

112 2480 251 2544 tribunis
273 2481 315 2563 pl.
339 2481 409 2545 fieri
431 2481 522 2545 nullo
545 2481 639 2545 modo
663 2481 779 2563 potuit.
825 2480 876 2544 Ita
894 2502 1006 2545 vereor
1027 2501 1068 2544 ne
1091 2483 1125 2544 et

75 2568 219 2634 cestudia
247 2569 454 2633 tribunorum
484 2569 740 2632 amiserimus
708 2572 756 2654 e
785 2569 812 2632 si
836 2569 942 2633 studia
963 2573 1125 2653 maneant,
1140 2585 1142 2588 ·

113 2655 253 2720 vinclum
279 2656 359 2721 illud
389 2657 665 2742 adiungendorum
693 2657 862 2721 consulum
890 2657 1044 2720 amissum
1072 2657 1123 2720 sit

176 2742 309 2808 Accedit
332 2745 420 2808 aliud
437 2767 504 2810 non
522 2767 658 2829 parvum
676 2745 924 2831 incommodum,
948 2745 1035 2828 quod
1054 2765 1124 2829 gra·
1143 2763 1159 2810 ι

114 2830 160 2894 vis
180 2832 239 2895 illa
262 2832 386 2918 opini0,
413 2837 451 2896 ut
474 2833 603 2917 quidem
627 2833 666 2896 ad
688 2855 747 2898 nos
771 2833 1006 2919 perftereba,
954 2854 1124 2897 urse-na

114 2922 181 2982 tum
202 2919 285 2983 nihil
308 2921 488 3007 decernere,
515 2925 688 3005 antequam
717 2922 755 2985 de
778 2921 872 2985 nohis
900 2885 1009 2985 actuni
1031 2925 1125 3007 esset,

79 3008 227 3074 reamissa
250 3011 314 3093 est,
343 3010 563 3092 praesertim
554 3032 589 3072 ιιι
616 3031 653 3073 ea
682 3031 791 3094 causa,
822 3031 903 3093 quae
932 3030 1000 3073 non
1027 3009 1123 3073 modo

116 3096 287 3160 necessaria
304 3117 372 3160 non
389 3097 461 3180 fuit,
485 3099 541 3161 sed
560 3098 657 3162 etiam
674 3097 831 3162 inusitata
849 3119 886 3161 ac
903 3118 988 3162 nova
1006 3093 1125 3183 (neque

118 3184 197 3247 enim
215 3206 369 3267 umquam
388 3186 528 3250 arbitror
548 3189 677 3250 ornatas
696 3208 763 3250 esse
782 3185 964 3268 provincias
982 3185 1125 3269 designa-

118 3270 244 3360 torum),
267 3277 313 3358 ut,
336 3294 409 3336 cum
431 3274 467 3336 in
488 3273 551 3338 hoc
569 3274 626 3337 illa
644 3273 835 3359 constantia,
858 3295 940 3357 quae
963 3276 1031 3336 erat
1054 3293 1126 3336 mea

118 3380 206 3424 causa
230 3365 388 3447 suscepta,
410 3361 581 3426 imminuta
604 3362 655 3447 sit,
678 3361 761 3425 nihil
782 3361 848 3425 iam
869 3361 973 3444 possit
990 3381 1057 3424 non
1075 3359 1126 3422 de-

83 3471 107 3513 ιι
119 3449 212 3512 cerni·
252 3447 307 3535 Iis,
330 3449 369 3512 ad
393 3471 474 3533 quos
497 3451 636 3515 relatum
659 3453 722 3536 est,
745 3449 855 3513 amicis
877 3448 1037 3532 placuisse
1059 3467 1127 3510 non

167 3560 212 3602 Oic.
226 3560 293 3611 epist.
306 3562 338 3602 H.
950 3554 964 3602 7
