2568 3888
274 150 535 205 EPISTULARUM
553 151 603 205 AD
622 150 786 206 ATTIUUM
804 151 831 204 H
849 156 891 219 24,
912 157 953 205 25.
1083 149 1125 214 73

84 292 197 368 Quod
221 293 249 358 si
271 295 490 380 impetrasset,
512 293 631 358 iudicia
653 295 723 359 fore
745 295 946 360 ridebantur.
983 295 1033 360 lla
1055 317 1126 381 nos,

86 386 218 466 utpote
242 383 298 466 qui
320 383 407 446 nihil
429 386 634 448 contemnere
657 383 848 462 soleremus,
871 405 936 449 ooo
957 388 1126 449 1111111111-

88 470 226 556 bamus,
255 472 311 536 sed
338 493 406 536 non
435 470 748 556 pertimescebamus.
794 471 975 535 Hominum
997 471 1150 555 quidem-

91 580 231 622 snmma
258 579 336 644 erga
365 581 426 624 nos
457 559 565 623 studia
595 559 876 644 significabantu13
906 559 962 624 sed
991 581 1125 643 prorsus

64 648 190 712 avitae
212 648 333 731 taedet3
361 648 410 712 ita
432 651 509 712 sunt
533 648 641 712 omnia
664 648 809 712 omnium
835 647 1039 712 miseriarum
1061 647 1126 732 ple-

90 735 247 801 nissima.
293 735 392 801 Modo
416 736 544 801 caedem
572 735 784 801 timueramus
811 737 911 821 †que
935 736 1040 800 oratio
1063 736 1126 800 for-

92 824 225 889 tissimi
249 824 345 909 senis,
368 822 404 899 Q.
424 821 567 909 Considi,
590 824 784 889 discusserat
802 847 839 888 ea
856 825 991 908 inquam
1010 824 1128 888 cotidie

93 912 218 977 timere
241 917 464 997 potueramus,
491 912 601 976 subito
625 917 738 978 exorta
765 917 823 978 est.
869 911 954 988 Quid
976 912 1126 997 quaeris?

94 1001 189 1065 nihil
219 1023 272 1065 me
302 1002 543 1084 informatius,
578 1001 661 1066 aihu
697 1001 895 1066 fortunatius
926 1005 976 1065 est
1009 999 1127 1065 Catulo

57 1115 82 1152 1o
96 1111 179 1154 cnm
202 1089 373 1173 splendore
394 1089 482 1153 vitae
505 1093 576 1153 tum
599 1089 715 1154 mortis
733 1092 887 1172 tempore.
924 1087 995 1154 Nos
1018 1093 1128 1154 tamen

96 1177 137 1242 in
168 1176 223 1241 his
254 1177 395 1242 miseriis
427 1181 533 1241 erecto
567 1177 674 1241 animo
708 1180 740 1241 et
770 1178 903 1242 minime
935 1178 1126 1262 perturbato

100 1287 220 1330 sumus
248 1265 541 1350 honestissimeque
571 1269 604 1331 et
633 1266 826 1350 dignitatem
854 1271 884 1330 11
914 1268 1128 1332 maturitatem

99 1357 254 1419 nostram
276 1375 395 1439 magna
418 1376 496 1419 cura
517 1356 655 1418 tuemur.

173 1441 348 1526 Pompeius
377 1443 415 1506 de
438 1439 553 1506 Clodio
583 1442 674 1507 iubet
701 1463 762 1506 nos
793 1463 862 1506 esse
891 1441 960 1507 sine
990 1464 1066 1507 cura
1096 1446 1164 1506 eto

64 1555 89 1596 rs
104 1552 268 1595 summam
298 1531 335 1594 in
361 1552 423 1595 nos
452 1531 710 1595 benevolentiam
741 1530 830 1595 omni
857 1530 1003 1594 oratione
1031 1531 1129 1615 signi-

103 1620 191 1684 ficat.
237 1618 283 1684 'l'e
305 1618 425 1683 habere
446 1619 656 1683 consiliorum
679 1621 853 1702 auctorem,
876 1617 1130 1682 sollicitudinum

107 1707 242 1793 socium,
265 1707 356 1771 omni
378 1707 414 1771 in
430 1707 628 1792 cogitatione
647 1707 855 1770 coniunctum
873 1706 977 1788 cupio.
1015 1705 1130 1790 Quare,

106 1798 147 1858 nt
159 1793 333 1860 Numestio
357 1795 517 1880 mandavi,
539 1799 646 1860 tecum
668 1799 706 1858 ut
725 1798 844 1881 ageret,
865 1793 946 1858 item
967 1796 1064 1877 atqua
1083 1814 1130 1872 ec,

110 1883 139 1946 si
170 1886 294 1968 potest,
327 1883 447 1968 acrius,
474 1887 506 1946 te
533 1905 629 1970 rogo,
660 1887 698 1948 ut
725 1883 821 1966 plane
844 1882 885 1945 ed
907 1903 967 1946 nos
991 1881 1130 1947 advolas.

71 1998 96 2035 11
108 1969 295 2058 Respiraro‚
319 1971 349 2035 si
370 1974 404 2035 te
426 1971 545 2036 videro.

571 2146 673 2212 XXV.

313 2267 370 2322 Sor.
390 2268 494 2322 Romae
513 2274 576 2323 cate
594 2268 632 2322 K.
651 2269 723 2324 Noo.
743 2287 768 2324 a.
790 2271 845 2324 695
865 2271 934 2338 (59).

434 2389 563 2446 CICERO
582 2391 715 2447 ATTICO
735 2391 809 2446 SAL.

179 2497 262 2564 Cum
286 2499 427 2583 aliquem
449 2500 535 2582 apud
557 2503 590 2563 te
612 2499 745 2564 laudaro
764 2504 897 2564 tuorum
914 2498 1133 2585 familiarium,
1153 2515 1168 2563 1

75 2613 101 2654 25
114 2587 219 2652 volam
249 2587 345 2651 illum
373 2587 454 2651 scire
482 2609 519 2651 ex
547 2591 655 2652 teme
682 2589 716 2652 id
738 2588 866 2674 fecisse,
892 2591 930 2652 ut
957 2608 1060 2670 nuper
1082 2608 1134 2650 me

115 2675 175 2740 sois
203 2675 373 2760 scripsisse
400 2674 441 2738 ad
466 2677 500 2739 te
527 2676 566 2739 de
588 2675 746 2741 Varronis
776 2697 852 2761 erga
875 2697 928 2739 me
951 2675 1074 2761 officio,
1101 2679 1134 2738 te

116 2764 154 2828 ad
182 2785 235 2828 me
266 2763 471 2846 rescripsisse
504 2785 575 2828 eam
606 2786 675 2829 rem
706 2787 850 2829 summae
881 2763 945 2827 tibi
971 2762 1135 2846 voluptati

117 2873 189 2917 esse.
237 2849 302 2916 sed
325 2872 385 2936 ego
408 2851 538 2916 mallem
557 2852 598 2916 ad
620 2853 713 2917 illum
737 2853 922 2936 scripsisses
940 2850 1022 2914 1111111
1040 2851 1136 2914 illum

118 2941 335 3026 satisfacere,
360 2961 430 3004 non
452 2962 516 3024 quo
539 2940 673 3026 faceret,
701 2941 757 3005 sed
779 2945 817 3005 ut
843 2941 975 3025 faceret3
1005 2938 1136 3003 mirabi-

81 3055 105 3094 ro
117 3028 187 3093 liter
200 3029 289 3092 enim
302 3031 448 3092 moratus
464 3032 523 3114 est,
539 3029 624 3094 sicut
636 3030 736 3114 nosti,
751 3028 875 3094 ‘e‘lcucol
888 3025 944 3092 καὶ
959 3025 1061 3091 οὐδέν
1071 3027 1136 3091 -’.

118 3113 175 3182 Sed
196 3138 258 3182 nos
281 3121 429 3180 tenemus
453 3121 661 3201 praeceptum
686 3117 768 3181 illud
791 3117 861 3193 ‘ads
883 3127 952 3181 τῶν
974 3115 1137 3201 κρατούν-

117 3229 180 3271 των
191 3205 253 3270 -'.
275 3203 322 3268 At
335 3203 465 3269 hercule
475 3205 557 3269 alter
571 3210 648 3270 tuus
662 3205 842 3291 familiaris,
855 3203 1024 3290 Hortalus,
1039 3223 1138 3286 quam

117 3293 208 3378 plena
229 3314 339 3379 manu,
363 3314 461 3377 quam
483 3293 634 3378 ingenue,
660 3317 758 3379 quam
781 3296 894 3359 ornate
916 3295 1046 3357 nostras
1070 3291 1138 3353 lau-

118 3381 168 3446 des
190 3381 227 3446 in
249 3385 338 3446 astra
361 3381 504 3469 sustulit,
527 3404 600 3446 cum
618 3383 657 3446 de
675 3382 782 3446 Flacci
800 3384 953 3464 praetura
972 3382 1004 3444 et
1022 3378 1061 3441 de
1079 3376 1138 3441 illo

83 3475 259 3555 atempore
278 3467 496 3554 Allobrogum
523 3470 655 3535 diceret!
702 3467 756 3535 Sic
782 3469 917 3550 habeto,
944 3487 1004 3530 nec
1032 3486 1139 3528 aman-
