<?xml version="1.0" encoding="UTF-8"?>
<!DOCTYPE html PUBLIC "-//W3C//DTD XHTML 1.0 Transitional//EN"
    "http://www.w3.org/TR/xhtml1/DTD/xhtml1-transitional.dtd">
<html xmlns="http://www.w3.org/1999/xhtml" xml:lang="en" lang="en">
 <head>
  <title>
</title>
<meta http-equiv="Content-Type" content="text/html;charset=utf-8" />
  <meta name='ocr-system' content='tesseract 3.04.00' />
  <meta name='ocr-capabilities' content='ocr_page ocr_carea ocr_par ocr_line ocrx_word'/>
</head>
<body>
  <div class='ocr_page' id='page_1' title='image "./scriptaquaemans00mullgoog_0402.png"; bbox 0 0 2616 3884; ppageno 0'>
   <div class='ocr_carea' id='block_1_1' title="bbox 253 169 1134 238">
    <p class='ocr_par' dir='ltr' id='par_1_1' title="bbox 253 169 1134 238">
     <span class='ocr_line' id='line_1_1' title="bbox 253 169 1134 238; baseline 0.006 -15"><span class='ocrx_word' id='word_1_1' title='bbox 253 169 510 224; x_wconf 80' lang='lat' dir='ltr'><strong>EPISTULARUM</strong></span> <span class='ocrx_word' id='word_1_2' title='bbox 528 170 578 224; x_wconf 88' lang='lat' dir='ltr'><strong>AD</strong></span> <span class='ocrx_word' id='word_1_3' title='bbox 596 170 761 225; x_wconf 82' lang='lat' dir='ltr'><strong>ATTIOUM</strong></span> <span class='ocrx_word' id='word_1_4' title='bbox 779 172 844 226; x_wconf 89' lang='lat' dir='ltr'><strong>VIII</strong></span> <span class='ocrx_word' id='word_1_5' title='bbox 864 174 1004 228; x_wconf 91' lang='lat' dir='ltr'><strong>11—11B.</strong></span> <span class='ocrx_word' id='word_1_6' title='bbox 1068 174 1134 238; x_wconf 76' lang='grc'><strong>237</strong></span> 
     </span>
    </p>
   </div>
   <div class='ocr_carea' id='block_1_2' title="bbox 9 313 1136 1016">
    <p class='ocr_par' dir='ltr' id='par_1_2' title="bbox 119 313 1135 665">
     <span class='ocr_line' id='line_1_2' title="bbox 119 313 1135 399; baseline 0.003 -22"><span class='ocrx_word' id='word_1_7' title='bbox 119 313 198 398; x_wconf 88' lang='lat' dir='ltr'><strong>quid</strong></span> <span class='ocrx_word' id='word_1_8' title='bbox 221 314 350 399; x_wconf 84' lang='lat' dir='ltr'><strong>efficiat,</strong></span> <span class='ocrx_word' id='word_1_9' title='bbox 373 318 531 397; x_wconf 86' lang='lat' dir='ltr'><strong>exspecto.</strong></span> <span class='ocrx_word' id='word_1_10' title='bbox 577 313 712 380; x_wconf 89' lang='lat' dir='ltr'><strong>Utinam</strong></span> <span class='ocrx_word' id='word_1_11' title='bbox 736 315 859 399; x_wconf 88' lang='lat' dir='ltr'><strong>aliquid</strong></span> <span class='ocrx_word' id='word_1_12' title='bbox 882 316 987 380; x_wconf 89' lang='lat' dir='ltr'><strong>simile</strong></span> <span class='ocrx_word' id='word_1_13' title='bbox 1010 315 1135 381; x_wconf 88' lang='lat' dir='ltr'><strong>Parthi·</strong></span> 
     </span>
     <span class='ocr_line' id='line_1_3' title="bbox 120 402 1134 489; baseline 0.002 -23"><span class='ocrx_word' id='word_1_14' title='bbox 120 403 165 467; x_wconf 91' lang='lat' dir='ltr'><strong>cis</strong></span> <span class='ocrx_word' id='word_1_15' title='bbox 188 402 299 466; x_wconf 88' lang='lat' dir='ltr'><strong>rebus!</strong></span> <span class='ocrx_word' id='word_1_16' title='bbox 344 402 449 468; x_wconf 84' lang='lat' dir='ltr'><strong>Simul</strong></span> <span class='ocrx_word' id='word_1_17' title='bbox 473 402 595 487; x_wconf 87' lang='lat' dir='ltr'><strong>aliquid</strong></span> <span class='ocrx_word' id='word_1_18' title='bbox 619 403 759 489; x_wconf 79' lang='lat' dir='ltr'><strong>audiero,</strong></span> <span class='ocrx_word' id='word_1_19' title='bbox 783 404 922 468; x_wconf 85' lang='lat' dir='ltr'><strong>scribam</strong></span> <span class='ocrx_word' id='word_1_20' title='bbox 945 405 985 468; x_wconf 89' lang='lat' dir='ltr'><strong>ad</strong></span> <span class='ocrx_word' id='word_1_21' title='bbox 1007 409 1047 468; x_wconf 87' lang='lat' dir='ltr'><strong>te.</strong></span> <span class='ocrx_word' id='word_1_22' title='bbox 1084 405 1134 468; x_wconf 84' lang='lat' dir='ltr'><strong>&#39;Fu</strong></span> 
     </span>
     <span class='ocr_line' id='line_1_4' title="bbox 119 490 1134 576; baseline 0.001 -21"><span class='ocrx_word' id='word_1_23' title='bbox 119 491 159 555; x_wconf 89' lang='lat' dir='ltr'><strong>ad</strong></span> <span class='ocrx_word' id='word_1_24' title='bbox 185 512 238 555; x_wconf 89' lang='lat' dir='ltr'><strong>me</strong></span> <span class='ocrx_word' id='word_1_25' title='bbox 265 490 363 555; x_wconf 88' lang='lat' dir='ltr'><strong>velim</strong></span> <span class='ocrx_word' id='word_1_26' title='bbox 391 491 552 555; x_wconf 89' lang='lat' dir='ltr'><strong>bonorum</strong></span> <span class='ocrx_word' id='word_1_27' title='bbox 580 512 751 556; x_wconf 84' lang='lat' dir='ltr'><strong>sermones.</strong></span> <span class='ocrx_word' id='word_1_28' title='bbox 797 491 920 557; x_wconf 89' lang='lat' dir='ltr'><strong>Romae</strong></span> <span class='ocrx_word' id='word_1_29' title='bbox 949 493 1134 576; x_wconf 87' lang='lat' dir='ltr'><strong>frequentes</strong></span> 
     </span>
     <span class='ocr_line' id='line_1_5' title="bbox 119 579 1135 665; baseline 0.001 -21"><span class='ocrx_word' id='word_1_30' title='bbox 119 601 189 644; x_wconf 88' lang='lat' dir='ltr'><strong>esse</strong></span> <span class='ocrx_word' id='word_1_31' title='bbox 208 579 367 643; x_wconf 88' lang='lat' dir='ltr'><strong>dicuntur.</strong></span> <span class='ocrx_word' id='word_1_32' title='bbox 404 579 477 644; x_wconf 83' lang='lat' dir='ltr'><strong>Scio</strong></span> <span class='ocrx_word' id='word_1_33' title='bbox 497 579 645 662; x_wconf 85' lang='lat' dir='ltr'><strong>equidem</strong></span> <span class='ocrx_word' id='word_1_34' title='bbox 662 584 696 644; x_wconf 90' lang='lat' dir='ltr'><strong>te</strong></span> <span class='ocrx_word' id='word_1_35' title='bbox 719 581 753 644; x_wconf 90' lang='lat' dir='ltr'><strong>in</strong></span> <span class='ocrx_word' id='word_1_36' title='bbox 771 579 938 664; x_wconf 91' lang='lat' dir='ltr'><strong>publicum</strong></span> <span class='ocrx_word' id='word_1_37' title='bbox 955 601 1023 645; x_wconf 87' lang='lat' dir='ltr'><strong>non</strong></span> <span class='ocrx_word' id='word_1_38' title='bbox 1040 582 1135 665; x_wconf 90' lang='lat' dir='ltr'><strong>prod·</strong></span> 
     </span>
    </p>

    <p class='ocr_par' dir='ltr' id='par_1_3' title="bbox 9 667 1136 1016">
     <span class='ocr_line' id='line_1_6' title="bbox 9 667 1134 752; baseline 0.001 -20"><span class='ocrx_word' id='word_1_39' title='bbox 9 733 11 745; x_wconf 75' lang='grc'>,</span> <span class='ocrx_word' id='word_1_40' title='bbox 90 668 179 752; x_wconf 81' lang='lat' dir='ltr'><strong>cire,</strong></span> <span class='ocrx_word' id='word_1_41' title='bbox 208 668 265 732; x_wconf 89' lang='lat' dir='ltr'><strong>sed</strong></span> <span class='ocrx_word' id='word_1_42' title='bbox 293 671 402 731; x_wconf 88' lang='lat' dir='ltr'><strong>tamen</strong></span> <span class='ocrx_word' id='word_1_43' title='bbox 432 667 540 732; x_wconf 91' lang='lat' dir='ltr'><strong>audire</strong></span> <span class='ocrx_word' id='word_1_44' title='bbox 564 671 597 731; x_wconf 91' lang='lat' dir='ltr'><strong>te</strong></span> <span class='ocrx_word' id='word_1_45' title='bbox 619 669 724 732; x_wconf 90' lang='lat' dir='ltr'><strong>multa</strong></span> <span class='ocrx_word' id='word_1_46' title='bbox 745 690 874 734; x_wconf 89' lang='lat' dir='ltr'><strong>necesse</strong></span> <span class='ocrx_word' id='word_1_47' title='bbox 897 672 955 733; x_wconf 92' lang='lat' dir='ltr'><strong>est.</strong></span> <span class='ocrx_word' id='word_1_48' title='bbox 1000 669 1134 734; x_wconf 89' lang='lat' dir='ltr'><strong>Memini</strong></span> 
     </span>
     <span class='ocr_line' id='line_1_7' title="bbox 117 753 1134 841; baseline 0.001 -21"><span class='ocrx_word' id='word_1_49' title='bbox 117 756 239 820; x_wconf 91' lang='lat' dir='ltr'><strong>librum</strong></span> <span class='ocrx_word' id='word_1_50' title='bbox 261 756 324 819; x_wconf 87' lang='lat' dir='ltr'><strong>tibi</strong></span> <span class='ocrx_word' id='word_1_51' title='bbox 347 755 464 820; x_wconf 79' lang='lat' dir='ltr'><strong>adferri</strong></span> <span class='ocrx_word' id='word_1_52' title='bbox 484 779 503 820; x_wconf 93' lang='lat' dir='ltr'><strong>a</strong></span> <span class='ocrx_word' id='word_1_53' title='bbox 520 753 685 820; x_wconf 89' lang='lat' dir='ltr'><strong>Demetrio</strong></span> <span class='ocrx_word' id='word_1_54' title='bbox 704 756 856 841; x_wconf 78' lang='lat' dir='ltr'><strong>Magnete</strong></span> <span class='ocrx_word' id='word_1_55' title='bbox 880 757 920 822; x_wconf 88' lang='lat' dir='ltr'><strong>ad</strong></span> <span class='ocrx_word' id='word_1_56' title='bbox 943 760 975 822; x_wconf 91' lang='lat' dir='ltr'><strong>te</strong></span> <span class='ocrx_word' id='word_1_57' title='bbox 998 758 1134 821; x_wconf 86' lang='lat' dir='ltr'><strong>missum</strong></span> 
     </span>
     <span class='ocr_line' id='line_1_8' title="bbox 118 842 1136 931; baseline 0.001 -23"><span class='ocrx_word' id='word_1_58' title='bbox 118 844 214 930; x_wconf 90' lang='lat' dir='ltr'><strong>[seio]</strong></span> <span class='ocrx_word' id='word_1_59' title='bbox 237 842 314 930; x_wconf 82' lang='grc' dir='ltr'><strong>περὶ</strong></span> <span class='ocrx_word' id='word_1_60' title='bbox 338 843 502 928; x_wconf 81' lang='grc' dir='ltr'><strong><em>ὁμονοίας.</em></strong></span> <span class='ocrx_word' id='word_1_61' title='bbox 539 844 625 908; x_wconf 85' lang='lat' dir='ltr'><strong>Eum</strong></span> <span class='ocrx_word' id='word_1_62' title='bbox 648 843 729 908; x_wconf 91' lang='lat' dir='ltr'><strong>mihi</strong></span> <span class='ocrx_word' id='word_1_63' title='bbox 747 846 845 910; x_wconf 86' lang='lat' dir='ltr'><strong>velim</strong></span> <span class='ocrx_word' id='word_1_64' title='bbox 867 846 988 910; x_wconf 87' lang='lat' dir='ltr'><strong>mittas.</strong></span> <span class='ocrx_word' id='word_1_65' title='bbox 1025 843 1136 931; x_wconf 89' lang='lat' dir='ltr'><strong>Vides,</strong></span> 
     </span>
     <span class='ocr_line' id='line_1_9' title="bbox 116 933 534 1016; baseline -0.005 -19"><span class='ocrx_word' id='word_1_66' title='bbox 116 954 215 1016; x_wconf 89' lang='lat' dir='ltr'><strong>quam</strong></span> <span class='ocrx_word' id='word_1_67' title='bbox 239 954 369 997; x_wconf 87' lang='lat' dir='ltr'><strong>causam</strong></span> <span class='ocrx_word' id='word_1_68' title='bbox 390 933 534 997; x_wconf 77' lang='lat' dir='ltr'><strong>mediter.</strong></span> 
     </span>
    </p>
   </div>
   <div class='ocr_carea' id='block_1_3' title="bbox 74 1108 950 1299">
    <p class='ocr_par' dir='ltr' id='par_1_4' title="bbox 74 1108 950 1299">
     <span class='ocr_line' id='line_1_10' title="bbox 605 1108 644 1173; baseline 0.051 -2"><span class='ocrx_word' id='word_1_69' title='bbox 605 1108 644 1173; x_wconf 86' lang='lat' dir='ltr'><strong>A.</strong></span> 
     </span>
     <span class='ocr_line' id='line_1_11' title="bbox 74 1227 950 1299; baseline 0.007 -21"><span class='ocrx_word' id='word_1_70' title='bbox 74 1241 101 1279; x_wconf 83' lang='grc' dir='ltr'><strong>ιο</strong></span> <span class='ocrx_word' id='word_1_71' title='bbox 300 1227 357 1284; x_wconf 79' lang='lat' dir='ltr'><strong>Sar.</strong></span> <span class='ocrx_word' id='word_1_72' title='bbox 377 1229 513 1284; x_wconf 68' lang='lat' dir='ltr'><strong>mama</strong></span> <span class='ocrx_word' id='word_1_73' title='bbox 529 1229 580 1284; x_wconf 83' lang='lat' dir='ltr'><strong>IV</strong></span> <span class='ocrx_word' id='word_1_74' title='bbox 594 1230 639 1284; x_wconf 83' lang='lat' dir='ltr'><strong>Id.</strong></span> <span class='ocrx_word' id='word_1_75' title='bbox 658 1229 740 1284; x_wconf 81' lang='lat' dir='ltr'><strong>Febr.</strong></span> <span class='ocrx_word' id='word_1_76' title='bbox 760 1248 785 1284; x_wconf 86' lang='lat' dir='ltr'><strong>a.</strong></span> <span class='ocrx_word' id='word_1_77' title='bbox 806 1233 862 1285; x_wconf 81' lang='lat'><strong>705</strong></span> <span class='ocrx_word' id='word_1_78' title='bbox 881 1234 950 1299; x_wconf 77' lang='lat'><em>(49).</em></span> 
     </span>
    </p>
   </div>
   <div class='ocr_carea' id='block_1_4' title="bbox 211 1349 1042 1409">
    <p class='ocr_par' dir='ltr' id='par_1_5' title="bbox 211 1349 1042 1409">
     <span class='ocr_line' id='line_1_12' title="bbox 211 1349 1042 1409; baseline 0.004 -3"><span class='ocrx_word' id='word_1_79' title='bbox 211 1349 268 1406; x_wconf 71' lang='lat' dir='ltr'><strong>(IN.</strong></span> <span class='ocrx_word' id='word_1_80' title='bbox 287 1350 440 1406; x_wconf 83' lang='lat' dir='ltr'>MAGNUS</span> <span class='ocrx_word' id='word_1_81' title='bbox 458 1351 606 1407; x_wconf 74' lang='lat' dir='ltr'><strong>Paocos.</strong></span> <span class='ocrx_word' id='word_1_82' title='bbox 626 1352 652 1407; x_wconf 87' lang='lat' dir='ltr'><strong>S.</strong></span> <span class='ocrx_word' id='word_1_83' title='bbox 671 1353 704 1408; x_wconf 95' lang='lat' dir='ltr'><strong>D.</strong></span> <span class='ocrx_word' id='word_1_84' title='bbox 724 1352 761 1407; x_wconf 88' lang='lat' dir='ltr'><strong>M.</strong></span> <span class='ocrx_word' id='word_1_85' title='bbox 782 1352 952 1408; x_wconf 79' lang='lat' dir='ltr'><strong>CICERONI</strong></span> <span class='ocrx_word' id='word_1_86' title='bbox 970 1353 1042 1409; x_wconf 86' lang='lat' dir='ltr'><strong>IMP.</strong></span> 
     </span>
    </p>
   </div>
   <div class='ocr_carea' id='block_1_5' title="bbox 74 1458 1133 1986">
    <p class='ocr_par' dir='ltr' id='par_1_6' title="bbox 113 1458 1133 1723">
     <span class='ocr_line' id='line_1_13' title="bbox 183 1458 1133 1535; baseline 0.004 -12"><span class='ocrx_word' id='word_1_87' title='bbox 183 1458 220 1535; x_wconf 77' lang='lat' dir='ltr'><strong>Q.</strong></span> <span class='ocrx_word' id='word_1_88' title='bbox 243 1459 364 1524; x_wconf 78' lang='lat' dir='ltr'><strong>Fabius</strong></span> <span class='ocrx_word' id='word_1_89' title='bbox 394 1460 434 1524; x_wconf 89' lang='lat' dir='ltr'><strong>ad</strong></span> <span class='ocrx_word' id='word_1_90' title='bbox 463 1482 515 1525; x_wconf 92' lang='lat' dir='ltr'><strong>me</strong></span> <span class='ocrx_word' id='word_1_91' title='bbox 544 1461 635 1526; x_wconf 89' lang='lat' dir='ltr'><strong>venit</strong></span> <span class='ocrx_word' id='word_1_92' title='bbox 664 1483 691 1525; x_wconf 89' lang='lat' dir='ltr'><strong>a.</strong></span> <span class='ocrx_word' id='word_1_93' title='bbox 715 1460 743 1524; x_wconf 92' lang='lat' dir='ltr'><strong>d.</strong></span> <span class='ocrx_word' id='word_1_94' title='bbox 772 1479 824 1525; x_wconf 90' lang='lat'>1111</span> <span class='ocrx_word' id='word_1_95' title='bbox 853 1460 932 1525; x_wconf 84' lang='lat' dir='ltr'><strong>Idus</strong></span> <span class='ocrx_word' id='word_1_96' title='bbox 961 1460 1053 1525; x_wconf 87' lang='lat' dir='ltr'><strong>Febr.</strong></span> <span class='ocrx_word' id='word_1_97' title='bbox 1100 1461 1133 1527; x_wconf 90' lang='lat' dir='ltr'><strong>Is</strong></span> 
     </span>
     <span class='ocr_line' id='line_1_14' title="bbox 113 1547 1133 1614; baseline 0.002 -2"><span class='ocrx_word' id='word_1_98' title='bbox 113 1549 246 1612; x_wconf 86' lang='lat' dir='ltr'><strong>nuntiat</strong></span> <span class='ocrx_word' id='word_1_99' title='bbox 270 1547 305 1613; x_wconf 88' lang='lat' dir='ltr'><strong>L.</strong></span> <span class='ocrx_word' id='word_1_100' title='bbox 327 1547 511 1613; x_wconf 92' lang='lat' dir='ltr'><strong>Domitium</strong></span> <span class='ocrx_word' id='word_1_101' title='bbox 535 1571 608 1613; x_wconf 87' lang='lat' dir='ltr'><strong>cum</strong></span> <span class='ocrx_word' id='word_1_102' title='bbox 632 1549 699 1613; x_wconf 87' lang='lat' dir='ltr'><strong>suis</strong></span> <span class='ocrx_word' id='word_1_103' title='bbox 718 1548 907 1614; x_wconf 72' lang='lat' dir='ltr'><strong>cohortibus</strong></span> <span class='ocrx_word' id='word_1_104' title='bbox 930 1565 981 1612; x_wconf 80' lang='grc' dir='ltr'><strong>ΧΠ</strong></span> <span class='ocrx_word' id='word_1_105' title='bbox 1004 1553 1133 1614; x_wconf 90' lang='lat' dir='ltr'><strong>etcum</strong></span> 
     </span>
     <span class='ocr_line' id='line_1_15' title="bbox 115 1636 1133 1723; baseline 0.001 -23"><span class='ocrx_word' id='word_1_106' title='bbox 115 1636 307 1701; x_wconf 89' lang='lat' dir='ltr'><strong>cohortibus</strong></span> <span class='ocrx_word' id='word_1_107' title='bbox 329 1654 420 1723; x_wconf 82' lang='lat' dir='ltr'><strong>xlm,</strong></span> <span class='ocrx_word' id='word_1_108' title='bbox 453 1659 532 1720; x_wconf 91' lang='lat' dir='ltr'><strong>quas</strong></span> <span class='ocrx_word' id='word_1_109' title='bbox 556 1636 722 1702; x_wconf 83' lang='lat' dir='ltr'><strong>Vibullius</strong></span> <span class='ocrx_word' id='word_1_110' title='bbox 753 1637 899 1721; x_wconf 87' lang='lat' dir='ltr'><strong>adduxit,</strong></span> <span class='ocrx_word' id='word_1_111' title='bbox 930 1637 970 1700; x_wconf 90' lang='lat' dir='ltr'><strong>ad</strong></span> <span class='ocrx_word' id='word_1_112' title='bbox 996 1659 1047 1701; x_wconf 92' lang='lat' dir='ltr'><strong>me</strong></span> <span class='ocrx_word' id='word_1_113' title='bbox 1070 1639 1133 1702; x_wconf 90' lang='lat' dir='ltr'><strong>iter</strong></span> 
     </span>
    </p>

    <p class='ocr_par' dir='ltr' id='par_1_7' title="bbox 74 1723 1132 1986">
     <span class='ocr_line' id='line_1_16' title="bbox 74 1723 1132 1810; baseline -0.001 -20"><span class='ocrx_word' id='word_1_114' title='bbox 74 1723 248 1810; x_wconf 75' lang='lat' dir='ltr'><strong>1ahabere3</strong></span> <span class='ocrx_word' id='word_1_115' title='bbox 275 1723 427 1789; x_wconf 84' lang='lat' dir='ltr'><strong>habuisse</strong></span> <span class='ocrx_word' id='word_1_116' title='bbox 454 1725 490 1789; x_wconf 89' lang='lat' dir='ltr'><strong>in</strong></span> <span class='ocrx_word' id='word_1_117' title='bbox 516 1726 624 1790; x_wconf 88' lang='lat' dir='ltr'><strong>animo</strong></span> <span class='ocrx_word' id='word_1_118' title='bbox 654 1725 816 1809; x_wconf 91' lang='lat' dir='ltr'><strong>proficisci</strong></span> <span class='ocrx_word' id='word_1_119' title='bbox 841 1723 982 1789; x_wconf 80' lang='lat' dir='ltr'><strong>Corfinio</strong></span> <span class='ocrx_word' id='word_1_120' title='bbox 1006 1747 1033 1788; x_wconf 92' lang='lat' dir='ltr'><strong>a.</strong></span> <span class='ocrx_word' id='word_1_121' title='bbox 1056 1725 1084 1789; x_wconf 94' lang='lat' dir='ltr'><strong>d.</strong></span> <span class='ocrx_word' id='word_1_122' title='bbox 1108 1744 1132 1789; x_wconf 92' lang='lat' dir='ltr'><strong>v</strong></span> 
     </span>
     <span class='ocr_line' id='line_1_17' title="bbox 115 1810 1131 1899; baseline 0.002 -23"><span class='ocrx_word' id='word_1_123' title='bbox 115 1810 193 1876; x_wconf 89' lang='lat' dir='ltr'><strong>Idus</strong></span> <span class='ocrx_word' id='word_1_124' title='bbox 223 1812 330 1899; x_wconf 82' lang='lat' dir='ltr'><strong>Febr.;</strong></span> <span class='ocrx_word' id='word_1_125' title='bbox 366 1812 399 1878; x_wconf 80' lang='lat'><strong>0.</strong></span> <span class='ocrx_word' id='word_1_126' title='bbox 429 1813 565 1878; x_wconf 88' lang='lat' dir='ltr'><strong>Hirrum</strong></span> <span class='ocrx_word' id='word_1_127' title='bbox 594 1836 667 1879; x_wconf 90' lang='lat' dir='ltr'><strong>cum</strong></span> <span class='ocrx_word' id='word_1_128' title='bbox 696 1832 721 1877; x_wconf 89' lang='lat' dir='ltr'><strong>v</strong></span> <span class='ocrx_word' id='word_1_129' title='bbox 750 1812 938 1878; x_wconf 78' lang='lat' dir='ltr'><strong>cohortibus</strong></span> <span class='ocrx_word' id='word_1_130' title='bbox 969 1813 1131 1897; x_wconf 87' lang='lat' dir='ltr'><strong>subsequi.</strong></span> 
     </span>
     <span class='ocr_line' id='line_1_18' title="bbox 117 1899 1132 1986; baseline 0.002 -22"><span class='ocrx_word' id='word_1_131' title='bbox 117 1899 253 1986; x_wconf 80' lang='lat' dir='ltr'><strong>Censeo,</strong></span> <span class='ocrx_word' id='word_1_132' title='bbox 282 1902 321 1966; x_wconf 89' lang='lat' dir='ltr'><strong>ad</strong></span> <span class='ocrx_word' id='word_1_133' title='bbox 348 1923 408 1966; x_wconf 93' lang='lat' dir='ltr'><strong>nos</strong></span> <span class='ocrx_word' id='word_1_134' title='bbox 435 1901 603 1967; x_wconf 83' lang='lat' dir='ltr'><strong>Luceriam</strong></span> <span class='ocrx_word' id='word_1_135' title='bbox 625 1903 744 1966; x_wconf 84' lang='lat' dir='ltr'><strong>venias.</strong></span> <span class='ocrx_word' id='word_1_136' title='bbox 789 1900 875 1966; x_wconf 90' lang='lat' dir='ltr'><strong>Nam</strong></span> <span class='ocrx_word' id='word_1_137' title='bbox 902 1904 935 1964; x_wconf 88' lang='lat' dir='ltr'><strong>te</strong></span> <span class='ocrx_word' id='word_1_138' title='bbox 962 1901 1015 1965; x_wconf 90' lang='lat' dir='ltr'><strong>hic</strong></span> <span class='ocrx_word' id='word_1_139' title='bbox 1037 1902 1132 1966; x_wconf 90' lang='lat' dir='ltr'><strong>tutis-</strong></span> 
     </span>
    </p>
   </div>
   <div class='ocr_carea' id='block_1_6' title="bbox 6 1990 401 2092">
    <p class='ocr_par' dir='ltr' id='par_1_8' title="bbox 6 1990 401 2092">
     <span class='ocr_line' id='line_1_19' title="bbox 6 1990 401 2092; baseline 0 -38"><span class='ocrx_word' id='word_1_140' title='bbox 6 1999 8 2092; x_wconf 64' lang='grc' dir='ltr'>Ι</span> <span class='ocrx_word' id='word_1_141' title='bbox 115 1991 196 2054; x_wconf 88' lang='lat' dir='ltr'><strong>sime</strong></span> <span class='ocrx_word' id='word_1_142' title='bbox 219 1994 301 2073; x_wconf 91' lang='lat' dir='ltr'><strong>puto</strong></span> <span class='ocrx_word' id='word_1_143' title='bbox 323 1990 401 2055; x_wconf 88' lang='lat' dir='ltr'><strong>fore.</strong></span> 
     </span>
    </p>
   </div>
   <div class='ocr_carea' id='block_1_7' title="bbox 7 2168 960 2368">
    <p class='ocr_par' dir='ltr' id='par_1_9' title="bbox 7 2168 960 2368">
     <span class='ocr_line' id='line_1_20' title="bbox 604 2168 640 2232; baseline 0.056 -2"><span class='ocrx_word' id='word_1_144' title='bbox 604 2168 640 2232; x_wconf 92' lang='lat' dir='ltr'><strong>B.</strong></span> 
     </span>
     <span class='ocr_line' id='line_1_21' title="bbox 7 2285 960 2368; baseline 0.003 -31"><span class='ocrx_word' id='word_1_145' title='bbox 7 2323 8 2328; x_wconf 48' lang='lat'><strong>.</strong></span> <span class='ocrx_word' id='word_1_146' title='bbox 71 2298 99 2337; x_wconf 79' lang='lat' dir='ltr'><strong>ao</strong></span> <span class='ocrx_word' id='word_1_147' title='bbox 289 2285 346 2342; x_wconf 80' lang='lat' dir='ltr'><strong>Ser.</strong></span> <span class='ocrx_word' id='word_1_148' title='bbox 366 2285 489 2368; x_wconf 68' lang='lat' dir='ltr'><strong>Formica</strong></span> <span class='ocrx_word' id='word_1_149' title='bbox 508 2287 588 2342; x_wconf 87' lang='lat' dir='ltr'><strong>XIV</strong></span> <span class='ocrx_word' id='word_1_150' title='bbox 604 2287 641 2341; x_wconf 89' lang='lat' dir='ltr'><strong>K.</strong></span> <span class='ocrx_word' id='word_1_151' title='bbox 661 2286 749 2342; x_wconf 74' lang='lat' dir='ltr'><strong>Mart.</strong></span> <span class='ocrx_word' id='word_1_152' title='bbox 769 2303 795 2341; x_wconf 86' lang='lat' dir='ltr'><strong>a.</strong></span> <span class='ocrx_word' id='word_1_153' title='bbox 816 2289 872 2341; x_wconf 81' lang='lat'><strong>705</strong></span> <span class='ocrx_word' id='word_1_154' title='bbox 891 2289 960 2355; x_wconf 77' lang='lat'><em>(49).</em></span> 
     </span>
    </p>
   </div>
   <div class='ocr_carea' id='block_1_8' title="bbox 240 2407 1081 2490">
    <p class='ocr_par' dir='ltr' id='par_1_10' title="bbox 240 2407 1081 2490">
     <span class='ocr_line' id='line_1_22' title="bbox 240 2407 1081 2490; baseline 0.004 -27"><span class='ocrx_word' id='word_1_155' title='bbox 240 2409 278 2465; x_wconf 89' lang='lat' dir='ltr'><strong>M.</strong></span> <span class='ocrx_word' id='word_1_156' title='bbox 297 2407 425 2465; x_wconf 74' lang='lat' dir='ltr'><strong>CICERO</strong></span> <span class='ocrx_word' id='word_1_157' title='bbox 444 2410 517 2465; x_wconf 88' lang='lat' dir='ltr'><strong>IMP.</strong></span> <span class='ocrx_word' id='word_1_158' title='bbox 537 2410 563 2466; x_wconf 84' lang='lat' dir='ltr'><strong>S.</strong></span> <span class='ocrx_word' id='word_1_159' title='bbox 582 2411 616 2466; x_wconf 94' lang='lat' dir='ltr'><strong>D.</strong></span> <span class='ocrx_word' id='word_1_160' title='bbox 636 2410 692 2466; x_wconf 85' lang='lat' dir='ltr'><strong>CN.</strong></span> <span class='ocrx_word' id='word_1_161' title='bbox 710 2408 842 2465; x_wconf 82' lang='lat' dir='ltr'>MAGNO</span> <span class='ocrx_word' id='word_1_162' title='bbox 861 2409 1009 2468; x_wconf 80' lang='lat' dir='ltr'><strong>PROCOS.</strong></span> <span class='ocrx_word' id='word_1_163' title='bbox 1080 2485 1081 2490; x_wconf 7' lang='grc' dir='ltr'>ἵ</span> 
     </span>
    </p>
   </div>
   <div class='ocr_carea' id='block_1_9' title="bbox 68 2515 1165 3575">
    <p class='ocr_par' dir='ltr' id='par_1_11' title="bbox 114 2515 1165 2781">
     <span class='ocr_line' id='line_1_23' title="bbox 183 2515 1165 2603; baseline 0.008 -23"><span class='ocrx_word' id='word_1_164' title='bbox 183 2515 222 2581; x_wconf 83' lang='grc' dir='ltr'><strong>Α.</strong></span> <span class='ocrx_word' id='word_1_165' title='bbox 246 2517 274 2581; x_wconf 89' lang='lat' dir='ltr'><strong>d.</strong></span> <span class='ocrx_word' id='word_1_166' title='bbox 297 2535 346 2582; x_wconf 85' lang='lat' dir='ltr'><strong>xv</strong></span> <span class='ocrx_word' id='word_1_167' title='bbox 368 2517 501 2583; x_wconf 82' lang='lat' dir='ltr'><strong>Kalend.</strong></span> <span class='ocrx_word' id='word_1_168' title='bbox 524 2519 660 2584; x_wconf 89' lang='lat' dir='ltr'><strong>Martias</strong></span> <span class='ocrx_word' id='word_1_169' title='bbox 682 2518 822 2583; x_wconf 88' lang='lat' dir='ltr'><strong>Formiis</strong></span> <span class='ocrx_word' id='word_1_170' title='bbox 851 2519 956 2603; x_wconf 89' lang='lat' dir='ltr'><strong>accepi</strong></span> <span class='ocrx_word' id='word_1_171' title='bbox 983 2523 1056 2584; x_wconf 91' lang='lat' dir='ltr'><strong>tuas</strong></span> <span class='ocrx_word' id='word_1_172' title='bbox 1078 2521 1165 2588; x_wconf 85' lang='lat' dir='ltr'><strong>lit-1</strong></span> 
     </span>
     <span class='ocr_line' id='line_1_24' title="bbox 114 2606 1132 2694; baseline 0.003 -25"><span class='ocrx_word' id='word_1_173' title='bbox 114 2610 217 2689; x_wconf 80' lang='lat' dir='ltr'><strong>teras3</strong></span> <span class='ocrx_word' id='word_1_174' title='bbox 240 2627 279 2670; x_wconf 84' lang='lat' dir='ltr'><strong>ex</strong></span> <span class='ocrx_word' id='word_1_175' title='bbox 302 2607 420 2690; x_wconf 91' lang='lat' dir='ltr'><strong>quibus</strong></span> <span class='ocrx_word' id='word_1_176' title='bbox 443 2629 488 2690; x_wconf 89' lang='lat' dir='ltr'><strong>ea,</strong></span> <span class='ocrx_word' id='word_1_177' title='bbox 512 2608 651 2691; x_wconf 88' lang='lat' dir='ltr'><strong>quaein</strong></span> <span class='ocrx_word' id='word_1_178' title='bbox 674 2629 752 2692; x_wconf 84' lang='lat' dir='ltr'><strong>agro</strong></span> <span class='ocrx_word' id='word_1_179' title='bbox 775 2606 891 2671; x_wconf 87' lang='lat' dir='ltr'><strong>Piceno</strong></span> <span class='ocrx_word' id='word_1_180' title='bbox 915 2611 1008 2692; x_wconf 86' lang='lat' dir='ltr'><strong>gesta</strong></span> <span class='ocrx_word' id='word_1_181' title='bbox 1030 2613 1132 2694; x_wconf 89' lang='lat' dir='ltr'><strong>erant,</strong></span> 
     </span>
     <span class='ocr_line' id='line_1_25' title="bbox 114 2694 1131 2781; baseline 0.004 -24"><span class='ocrx_word' id='word_1_182' title='bbox 114 2694 253 2778; x_wconf 81' lang='lat' dir='ltr'><strong>cognovi</strong></span> <span class='ocrx_word' id='word_1_183' title='bbox 276 2695 493 2759; x_wconf 89' lang='lat' dir='ltr'><strong>commodiora</strong></span> <span class='ocrx_word' id='word_1_184' title='bbox 517 2717 587 2760; x_wconf 76' lang='lat' dir='ltr'><strong>esce</strong></span> <span class='ocrx_word' id='word_1_185' title='bbox 609 2696 728 2781; x_wconf 84' lang='lat' dir='ltr'><strong>multe,</strong></span> <span class='ocrx_word' id='word_1_186' title='bbox 756 2717 853 2778; x_wconf 88' lang='lat' dir='ltr'><strong>quam</strong></span> <span class='ocrx_word' id='word_1_187' title='bbox 879 2699 917 2758; x_wconf 89' lang='lat' dir='ltr'><strong>ut</strong></span> <span class='ocrx_word' id='word_1_188' title='bbox 944 2700 1013 2759; x_wconf 90' lang='lat' dir='ltr'><strong>erat</strong></span> <span class='ocrx_word' id='word_1_189' title='bbox 1035 2697 1131 2761; x_wconf 91' lang='lat' dir='ltr'><strong>nobis</strong></span> 
     </span>
    </p>

    <p class='ocr_par' dir='ltr' id='par_1_12' title="bbox 70 2782 1131 2955">
     <span class='ocr_line' id='line_1_26' title="bbox 70 2782 1131 2868; baseline -0.001 -18"><span class='ocrx_word' id='word_1_190' title='bbox 70 2809 99 2850; x_wconf 76' lang='lat' dir='ltr'><strong>aa</strong></span> <span class='ocrx_word' id='word_1_191' title='bbox 113 2783 315 2868; x_wconf 88' lang='lat' dir='ltr'><strong>nuntiatum,</strong></span> <span class='ocrx_word' id='word_1_192' title='bbox 341 2782 531 2867; x_wconf 87' lang='lat' dir='ltr'><strong>Vibullique</strong></span> <span class='ocrx_word' id='word_1_193' title='bbox 560 2784 716 2848; x_wconf 83' lang='lat' dir='ltr'><strong>virtutem</strong></span> <span class='ocrx_word' id='word_1_194' title='bbox 745 2783 1000 2867; x_wconf 82' lang='lat' dir='ltr'><strong>industriamque</strong></span> <span class='ocrx_word' id='word_1_195' title='bbox 1029 2785 1131 2849; x_wconf 88' lang='lat' dir='ltr'><strong>liben-</strong></span> 
     </span>
     <span class='ocr_line' id='line_1_27' title="bbox 115 2871 314 2955; baseline 0 -21"><span class='ocrx_word' id='word_1_196' title='bbox 115 2875 166 2934; x_wconf 85' lang='lat' dir='ltr'><strong>ter</strong></span> <span class='ocrx_word' id='word_1_197' title='bbox 189 2871 314 2955; x_wconf 81' lang='lat' dir='ltr'><strong>agnovi.</strong></span> 
     </span>
    </p>

    <p class='ocr_par' dir='ltr' id='par_1_13' title="bbox 114 2957 1130 3221">
     <span class='ocr_line' id='line_1_28' title="bbox 181 2957 1130 3044; baseline 0.003 -22"><span class='ocrx_word' id='word_1_198' title='bbox 181 2957 252 3022; x_wconf 87' lang='lat' dir='ltr'><strong>Nos</strong></span> <span class='ocrx_word' id='word_1_199' title='bbox 276 2959 380 3023; x_wconf 88' lang='lat' dir='ltr'><strong>adhuc</strong></span> <span class='ocrx_word' id='word_1_200' title='bbox 401 2960 436 3022; x_wconf 89' lang='lat' dir='ltr'><strong>in</strong></span> <span class='ocrx_word' id='word_1_201' title='bbox 468 2981 505 3024; x_wconf 91' lang='lat' dir='ltr'><strong>ea</strong></span> <span class='ocrx_word' id='word_1_202' title='bbox 536 2981 605 3043; x_wconf 91' lang='lat' dir='ltr'><strong>ora,</strong></span> <span class='ocrx_word' id='word_1_203' title='bbox 635 2959 693 3024; x_wconf 91' lang='lat' dir='ltr'><strong>ubi</strong></span> <span class='ocrx_word' id='word_1_204' title='bbox 722 2961 899 3044; x_wconf 86' lang='lat' dir='ltr'><strong>praepositi</strong></span> <span class='ocrx_word' id='word_1_205' title='bbox 930 2982 1054 3044; x_wconf 85' lang='lat' dir='ltr'><strong>sumus,</strong></span> <span class='ocrx_word' id='word_1_206' title='bbox 1083 2961 1130 3025; x_wconf 88' lang='lat' dir='ltr'><strong>ita</strong></span> 
     </span>
     <span class='ocr_line' id='line_1_29' title="bbox 114 3046 1130 3132; baseline 0.003 -22"><span class='ocrx_word' id='word_1_207' title='bbox 114 3046 247 3132; x_wconf 87' lang='lat' dir='ltr'><strong>fuimus,</strong></span> <span class='ocrx_word' id='word_1_208' title='bbox 264 3051 302 3111; x_wconf 91' lang='lat' dir='ltr'><strong>ut</strong></span> <span class='ocrx_word' id='word_1_209' title='bbox 319 3069 435 3111; x_wconf 86' lang='lat' dir='ltr'><strong>navem</strong></span> <span class='ocrx_word' id='word_1_210' title='bbox 452 3051 598 3130; x_wconf 90' lang='lat' dir='ltr'><strong>paratam</strong></span> <span class='ocrx_word' id='word_1_211' title='bbox 615 3048 814 3112; x_wconf 88' lang='lat' dir='ltr'><strong>haberemus.</strong></span> <span class='ocrx_word' id='word_1_212' title='bbox 851 3049 901 3113; x_wconf 81' lang='lat' dir='ltr'><strong>Fa</strong></span> <span class='ocrx_word' id='word_1_213' title='bbox 920 3050 1006 3113; x_wconf 89' lang='lat' dir='ltr'><strong>enim</strong></span> <span class='ocrx_word' id='word_1_214' title='bbox 1025 3049 1130 3114; x_wconf 91' lang='lat' dir='ltr'><strong>audie-</strong></span> 
     </span>
     <span class='ocr_line' id='line_1_30' title="bbox 114 3134 1130 3221; baseline 0.005 -24"><span class='ocrx_word' id='word_1_215' title='bbox 114 3134 230 3198; x_wconf 91' lang='lat' dir='ltr'><strong>bamus</strong></span> <span class='ocrx_word' id='word_1_216' title='bbox 254 3139 287 3198; x_wconf 90' lang='lat' dir='ltr'><strong>et</strong></span> <span class='ocrx_word' id='word_1_217' title='bbox 309 3157 346 3199; x_wconf 89' lang='lat' dir='ltr'><strong>ea</strong></span> <span class='ocrx_word' id='word_1_218' title='bbox 368 3136 565 3219; x_wconf 82' lang='lat' dir='ltr'><strong>verebamur,</strong></span> <span class='ocrx_word' id='word_1_219' title='bbox 588 3139 634 3221; x_wconf 92' lang='lat' dir='ltr'><strong>ut,</strong></span> <span class='ocrx_word' id='word_1_220' title='bbox 658 3137 881 3220; x_wconf 90' lang='lat' dir='ltr'><strong>quodcumque</strong></span> <span class='ocrx_word' id='word_1_221' title='bbox 904 3141 941 3200; x_wconf 91' lang='lat' dir='ltr'><strong>tu</strong></span> <span class='ocrx_word' id='word_1_222' title='bbox 959 3138 1130 3202; x_wconf 89' lang='lat' dir='ltr'><strong>eonsilium</strong></span> 
     </span>
    </p>

    <p class='ocr_par' dir='ltr' id='par_1_14' title="bbox 68 3223 1131 3575">
     <span class='ocr_line' id='line_1_31' title="bbox 68 3223 1131 3311; baseline -0.001 -21"><span class='ocrx_word' id='word_1_223' title='bbox 68 3249 99 3290; x_wconf 81' lang='lat' dir='ltr'><strong>aa</strong></span> <span class='ocrx_word' id='word_1_224' title='bbox 115 3223 269 3308; x_wconf 85' lang='lat' dir='ltr'><strong>cepisses,</strong></span> <span class='ocrx_word' id='word_1_225' title='bbox 300 3223 334 3286; x_wconf 89' lang='lat' dir='ltr'><strong>id</strong></span> <span class='ocrx_word' id='word_1_226' title='bbox 360 3224 455 3288; x_wconf 87' lang='lat' dir='ltr'><strong>nobis</strong></span> <span class='ocrx_word' id='word_1_227' title='bbox 488 3226 743 3308; x_wconf 85' lang='lat' dir='ltr'><strong>persequendum</strong></span> <span class='ocrx_word' id='word_1_228' title='bbox 773 3229 969 3309; x_wconf 90' lang='lat' dir='ltr'><strong>putaremus.</strong></span> <span class='ocrx_word' id='word_1_229' title='bbox 1024 3224 1131 3311; x_wconf 90' lang='lat' dir='ltr'><strong>Nunc,</strong></span> 
     </span>
     <span class='ocr_line' id='line_1_32' title="bbox 115 3311 1129 3397; baseline 0.002 -22"><span class='ocrx_word' id='word_1_230' title='bbox 115 3311 268 3393; x_wconf 89' lang='lat' dir='ltr'><strong>quoniam</strong></span> <span class='ocrx_word' id='word_1_231' title='bbox 298 3312 490 3376; x_wconf 86' lang='lat' dir='ltr'><strong>auctoritate</strong></span> <span class='ocrx_word' id='word_1_232' title='bbox 523 3316 555 3376; x_wconf 92' lang='lat' dir='ltr'><strong>et</strong></span> <span class='ocrx_word' id='word_1_233' title='bbox 588 3313 722 3378; x_wconf 89' lang='lat' dir='ltr'><strong>consilio</strong></span> <span class='ocrx_word' id='word_1_234' title='bbox 755 3317 812 3378; x_wconf 88' lang='lat' dir='ltr'><strong>tuo</strong></span> <span class='ocrx_word' id='word_1_235' title='bbox 840 3314 876 3376; x_wconf 91' lang='lat' dir='ltr'><strong>in</strong></span> <span class='ocrx_word' id='word_1_236' title='bbox 904 3335 960 3397; x_wconf 90' lang='lat' dir='ltr'><strong>spe</strong></span> <span class='ocrx_word' id='word_1_237' title='bbox 987 3314 1129 3377; x_wconf 87' lang='lat' dir='ltr'><strong>firmiore</strong></span> 
     </span>
     <span class='ocr_line' id='line_1_33' title="bbox 113 3399 1129 3484; baseline 0.003 -22"><span class='ocrx_word' id='word_1_238' title='bbox 113 3420 235 3484; x_wconf 85' lang='lat' dir='ltr'><strong>sumus,</strong></span> <span class='ocrx_word' id='word_1_239' title='bbox 259 3399 288 3463; x_wconf 91' lang='lat' dir='ltr'><strong>si</strong></span> <span class='ocrx_word' id='word_1_240' title='bbox 310 3401 413 3465; x_wconf 88' lang='lat' dir='ltr'><strong>teneri</strong></span> <span class='ocrx_word' id='word_1_241' title='bbox 436 3422 531 3483; x_wconf 86' lang='lat' dir='ltr'><strong>posse</strong></span> <span class='ocrx_word' id='word_1_242' title='bbox 554 3405 650 3484; x_wconf 89' lang='lat' dir='ltr'><strong>putas</strong></span> <span class='ocrx_word' id='word_1_243' title='bbox 670 3401 874 3465; x_wconf 84' lang='lat' dir='ltr'><strong>Tarracinam</strong></span> <span class='ocrx_word' id='word_1_244' title='bbox 897 3407 1016 3465; x_wconf 82' lang='lat' dir='ltr'><strong>etcum</strong></span> <span class='ocrx_word' id='word_1_245' title='bbox 1040 3422 1129 3465; x_wconf 90' lang='lat' dir='ltr'><strong>oram</strong></span> 
     </span>
     <span class='ocr_line' id='line_1_34' title="bbox 111 3488 1127 3575; baseline 0 -23"><span class='ocrx_word' id='word_1_246' title='bbox 111 3488 324 3574; x_wconf 87' lang='lat' dir='ltr'><strong>maritimam,</strong></span> <span class='ocrx_word' id='word_1_247' title='bbox 356 3489 391 3552; x_wconf 91' lang='lat' dir='ltr'><strong>in</strong></span> <span class='ocrx_word' id='word_1_248' title='bbox 418 3510 455 3554; x_wconf 86' lang='lat' dir='ltr'><strong>aa</strong></span> <span class='ocrx_word' id='word_1_249' title='bbox 482 3489 633 3575; x_wconf 89' lang='lat' dir='ltr'><strong>manebo,</strong></span> <span class='ocrx_word' id='word_1_250' title='bbox 664 3489 726 3554; x_wconf 90' lang='lat' dir='ltr'><strong>etsi</strong></span> <span class='ocrx_word' id='word_1_251' title='bbox 752 3489 912 3573; x_wconf 87' lang='lat' dir='ltr'><strong>praesidia</strong></span> <span class='ocrx_word' id='word_1_252' title='bbox 939 3489 974 3550; x_wconf 92' lang='lat' dir='ltr'><strong>in</strong></span> <span class='ocrx_word' id='word_1_253' title='bbox 1002 3489 1127 3570; x_wconf 90' lang='lat' dir='ltr'><strong>oppidis</strong></span> 
     </span>
    </p>
   </div>
   <div class='ocr_carea' id='block_1_10' title="bbox 0 0 1312 3884">
    <p class='ocr_par' dir='ltr' id='par_1_15' title="bbox 0 0 1312 3884">
     <span class='ocr_line' id='line_1_35' title="bbox 0 0 1312 3884; baseline 0 1"><span class='ocrx_word' id='word_1_254' title='bbox 0 0 1312 3884; x_wconf 95' lang='lat' dir='ltr'><strong> </strong></span> 
     </span>
    </p>
   </div>
  </div>
 </body>
</html>
